%YAML 1.1
%TAG !u! tag:unity3d.com,2011:
--- !u!1 &960344078518720487
GameObject:
  m_ObjectHideFlags: 0
  m_CorrespondingSourceObject: {fileID: 0}
  m_PrefabInstance: {fileID: 0}
  m_PrefabAsset: {fileID: 0}
  serializedVersion: 6
  m_Component:
  - component: {fileID: 5342905205481691113}
  m_Layer: 0
  m_Name: Block
  m_TagString: Untagged
  m_Icon: {fileID: 0}
  m_NavMeshLayer: 0
  m_StaticEditorFlags: 0
  m_IsActive: 1
--- !u!4 &5342905205481691113
Transform:
  m_ObjectHideFlags: 0
  m_CorrespondingSourceObject: {fileID: 0}
  m_PrefabInstance: {fileID: 0}
  m_PrefabAsset: {fileID: 0}
  m_GameObject: {fileID: 960344078518720487}
  m_LocalRotation: {x: 0, y: 0, z: 0, w: 1}
  m_LocalPosition: {x: 0, y: 0, z: 0}
  m_LocalScale: {x: 1, y: 1, z: 1}
  m_Children:
  - {fileID: 3737936309757407587}
  - {fileID: 7053836762766338357}
  - {fileID: 5654803688259758393}
  - {fileID: 7917828309617042576}
  - {fileID: 5009343160557447167}
  - {fileID: 8397989467330992865}
  - {fileID: 4355602879136050938}
  - {fileID: 4374813362439993439}
  - {fileID: 7718476093497699346}
  - {fileID: 2549658736095890950}
  - {fileID: 6058489276211109984}
  - {fileID: 4528956372767524953}
  - {fileID: 7080434587997642463}
  - {fileID: 6509490255867313180}
  - {fileID: 1863563156886202682}
  - {fileID: 7704947684703714604}
  - {fileID: 1120374099351517589}
  - {fileID: 7093172300529459958}
  - {fileID: 7390415888346599207}
  - {fileID: 719342376891190118}
  - {fileID: 3817840827538904103}
  - {fileID: 2855023482674376700}
  - {fileID: 4289414735538820843}
  m_Father: {fileID: 4464061326270266620}
  m_RootOrder: 0
  m_LocalEulerAnglesHint: {x: 0, y: 0, z: 0}
--- !u!1 &6405326221853208378
GameObject:
  m_ObjectHideFlags: 0
  m_CorrespondingSourceObject: {fileID: 0}
  m_PrefabInstance: {fileID: 0}
  m_PrefabAsset: {fileID: 0}
  serializedVersion: 6
  m_Component:
  - component: {fileID: 4464061326270266620}
  - component: {fileID: 8551817730370959917}
  m_Layer: 0
  m_Name: HealthLocation
  m_TagString: Untagged
  m_Icon: {fileID: 0}
  m_NavMeshLayer: 0
  m_StaticEditorFlags: 0
  m_IsActive: 1
--- !u!4 &4464061326270266620
Transform:
  m_ObjectHideFlags: 0
  m_CorrespondingSourceObject: {fileID: 0}
  m_PrefabInstance: {fileID: 0}
  m_PrefabAsset: {fileID: 0}
  m_GameObject: {fileID: 6405326221853208378}
  m_LocalRotation: {x: 0, y: 0, z: 0, w: 1}
  m_LocalPosition: {x: 0, y: 0, z: 0}
  m_LocalScale: {x: 1, y: 1, z: 1}
  m_Children:
  - {fileID: 5342905205481691113}
  - {fileID: 2347310396727021024}
  - {fileID: 4780957973434795436}
  m_Father: {fileID: 0}
  m_RootOrder: 0
  m_LocalEulerAnglesHint: {x: 0, y: 0, z: 0}
--- !u!114 &8551817730370959917
MonoBehaviour:
  m_ObjectHideFlags: 0
  m_CorrespondingSourceObject: {fileID: 0}
  m_PrefabInstance: {fileID: 0}
  m_PrefabAsset: {fileID: 0}
  m_GameObject: {fileID: 6405326221853208378}
  m_Enabled: 1
  m_EditorHideFlags: 0
  m_Script: {fileID: 11500000, guid: b23a85c3111ec044791338c14e7f6fa9, type: 3}
  m_Name: 
  m_EditorClassIdentifier: 
  speed: 0
--- !u!1001 &214058297354805598
PrefabInstance:
  m_ObjectHideFlags: 0
  serializedVersion: 2
  m_Modification:
    m_TransformParent: {fileID: 5342905205481691113}
    m_Modifications:
    - target: {fileID: 6255579115128113031, guid: aaa3f53ce755e314b82b44620c6efb50,
        type: 3}
      propertyPath: m_Name
      value: P 1
      objectReference: {fileID: 0}
    - target: {fileID: 7141653248389777515, guid: aaa3f53ce755e314b82b44620c6efb50,
        type: 3}
      propertyPath: m_RootOrder
      value: 1
      objectReference: {fileID: 0}
    - target: {fileID: 7141653248389777515, guid: aaa3f53ce755e314b82b44620c6efb50,
        type: 3}
      propertyPath: m_LocalPosition.x
      value: -1.57
      objectReference: {fileID: 0}
    - target: {fileID: 7141653248389777515, guid: aaa3f53ce755e314b82b44620c6efb50,
        type: 3}
      propertyPath: m_LocalPosition.y
      value: 3.37
      objectReference: {fileID: 0}
    - target: {fileID: 7141653248389777515, guid: aaa3f53ce755e314b82b44620c6efb50,
        type: 3}
      propertyPath: m_LocalPosition.z
      value: 0
      objectReference: {fileID: 0}
    - target: {fileID: 7141653248389777515, guid: aaa3f53ce755e314b82b44620c6efb50,
        type: 3}
      propertyPath: m_LocalRotation.w
      value: 1
      objectReference: {fileID: 0}
    - target: {fileID: 7141653248389777515, guid: aaa3f53ce755e314b82b44620c6efb50,
        type: 3}
      propertyPath: m_LocalRotation.x
      value: -0
      objectReference: {fileID: 0}
    - target: {fileID: 7141653248389777515, guid: aaa3f53ce755e314b82b44620c6efb50,
        type: 3}
      propertyPath: m_LocalRotation.y
      value: -0
      objectReference: {fileID: 0}
    - target: {fileID: 7141653248389777515, guid: aaa3f53ce755e314b82b44620c6efb50,
        type: 3}
      propertyPath: m_LocalRotation.z
      value: -0
      objectReference: {fileID: 0}
    - target: {fileID: 7141653248389777515, guid: aaa3f53ce755e314b82b44620c6efb50,
        type: 3}
      propertyPath: m_LocalEulerAnglesHint.x
      value: 0
      objectReference: {fileID: 0}
    - target: {fileID: 7141653248389777515, guid: aaa3f53ce755e314b82b44620c6efb50,
        type: 3}
      propertyPath: m_LocalEulerAnglesHint.y
      value: 0
      objectReference: {fileID: 0}
    - target: {fileID: 7141653248389777515, guid: aaa3f53ce755e314b82b44620c6efb50,
        type: 3}
      propertyPath: m_LocalEulerAnglesHint.z
      value: 0
      objectReference: {fileID: 0}
    - target: {fileID: 9030873063864134776, guid: aaa3f53ce755e314b82b44620c6efb50,
        type: 3}
      propertyPath: m_Sprite
      value: 
      objectReference: {fileID: 21300000, guid: d8fb69eb17c6b584abea80d5ba8d574f,
        type: 3}
    m_RemovedComponents: []
  m_SourcePrefab: {fileID: 100100000, guid: aaa3f53ce755e314b82b44620c6efb50, type: 3}
--- !u!4 &7053836762766338357 stripped
Transform:
  m_CorrespondingSourceObject: {fileID: 7141653248389777515, guid: aaa3f53ce755e314b82b44620c6efb50,
    type: 3}
  m_PrefabInstance: {fileID: 214058297354805598}
  m_PrefabAsset: {fileID: 0}
--- !u!1001 &611811813923431086
PrefabInstance:
  m_ObjectHideFlags: 0
  serializedVersion: 2
  m_Modification:
    m_TransformParent: {fileID: 5342905205481691113}
    m_Modifications:
    - target: {fileID: -7960387879410044486, guid: 6d0c3ff5673228f45b97eb9fc129f473,
        type: 3}
      propertyPath: m_Sprite
      value: 
      objectReference: {fileID: 21300000, guid: d8fb69eb17c6b584abea80d5ba8d574f,
        type: 3}
    - target: {fileID: 9004438894258124879, guid: 6d0c3ff5673228f45b97eb9fc129f473,
        type: 3}
      propertyPath: m_RootOrder
      value: 5
      objectReference: {fileID: 0}
    - target: {fileID: 9004438894258124879, guid: 6d0c3ff5673228f45b97eb9fc129f473,
        type: 3}
      propertyPath: m_LocalScale.x
      value: 0.39999998
      objectReference: {fileID: 0}
    - target: {fileID: 9004438894258124879, guid: 6d0c3ff5673228f45b97eb9fc129f473,
        type: 3}
      propertyPath: m_LocalScale.y
      value: 0.39999998
      objectReference: {fileID: 0}
    - target: {fileID: 9004438894258124879, guid: 6d0c3ff5673228f45b97eb9fc129f473,
        type: 3}
      propertyPath: m_LocalPosition.x
      value: -2.4920003
      objectReference: {fileID: 0}
    - target: {fileID: 9004438894258124879, guid: 6d0c3ff5673228f45b97eb9fc129f473,
        type: 3}
      propertyPath: m_LocalPosition.y
      value: 2.4900002
      objectReference: {fileID: 0}
    - target: {fileID: 9004438894258124879, guid: 6d0c3ff5673228f45b97eb9fc129f473,
        type: 3}
      propertyPath: m_LocalPosition.z
      value: 0
      objectReference: {fileID: 0}
    - target: {fileID: 9004438894258124879, guid: 6d0c3ff5673228f45b97eb9fc129f473,
        type: 3}
      propertyPath: m_LocalRotation.x
      value: -0
      objectReference: {fileID: 0}
    - target: {fileID: 9004438894258124879, guid: 6d0c3ff5673228f45b97eb9fc129f473,
        type: 3}
      propertyPath: m_LocalRotation.y
      value: -0
      objectReference: {fileID: 0}
    - target: {fileID: 9004438894258124879, guid: 6d0c3ff5673228f45b97eb9fc129f473,
        type: 3}
      propertyPath: m_LocalRotation.z
      value: -0
      objectReference: {fileID: 0}
    m_RemovedComponents: []
  m_SourcePrefab: {fileID: 100100000, guid: 6d0c3ff5673228f45b97eb9fc129f473, type: 3}
--- !u!4 &8397989467330992865 stripped
Transform:
  m_CorrespondingSourceObject: {fileID: 9004438894258124879, guid: 6d0c3ff5673228f45b97eb9fc129f473,
    type: 3}
  m_PrefabInstance: {fileID: 611811813923431086}
  m_PrefabAsset: {fileID: 0}
--- !u!1001 &1231725233148665055
PrefabInstance:
  m_ObjectHideFlags: 0
  serializedVersion: 2
  m_Modification:
    m_TransformParent: {fileID: 5342905205481691113}
    m_Modifications:
    - target: {fileID: -7960387879410044486, guid: 6d0c3ff5673228f45b97eb9fc129f473,
        type: 3}
      propertyPath: m_Sprite
      value: 
      objectReference: {fileID: 21300000, guid: d8fb69eb17c6b584abea80d5ba8d574f,
        type: 3}
    - target: {fileID: 9004438894258124879, guid: 6d0c3ff5673228f45b97eb9fc129f473,
        type: 3}
      propertyPath: m_RootOrder
      value: 3
      objectReference: {fileID: 0}
    - target: {fileID: 9004438894258124879, guid: 6d0c3ff5673228f45b97eb9fc129f473,
        type: 3}
      propertyPath: m_LocalScale.x
      value: 0.39999998
      objectReference: {fileID: 0}
    - target: {fileID: 9004438894258124879, guid: 6d0c3ff5673228f45b97eb9fc129f473,
        type: 3}
      propertyPath: m_LocalScale.y
      value: 0.39999998
      objectReference: {fileID: 0}
    - target: {fileID: 9004438894258124879, guid: 6d0c3ff5673228f45b97eb9fc129f473,
        type: 3}
      propertyPath: m_LocalPosition.x
      value: -2.4920003
      objectReference: {fileID: 0}
    - target: {fileID: 9004438894258124879, guid: 6d0c3ff5673228f45b97eb9fc129f473,
        type: 3}
      propertyPath: m_LocalPosition.y
      value: 4.487185
      objectReference: {fileID: 0}
    - target: {fileID: 9004438894258124879, guid: 6d0c3ff5673228f45b97eb9fc129f473,
        type: 3}
      propertyPath: m_LocalPosition.z
      value: 0
      objectReference: {fileID: 0}
    - target: {fileID: 9004438894258124879, guid: 6d0c3ff5673228f45b97eb9fc129f473,
        type: 3}
      propertyPath: m_LocalRotation.x
      value: -0
      objectReference: {fileID: 0}
    - target: {fileID: 9004438894258124879, guid: 6d0c3ff5673228f45b97eb9fc129f473,
        type: 3}
      propertyPath: m_LocalRotation.y
      value: -0
      objectReference: {fileID: 0}
    - target: {fileID: 9004438894258124879, guid: 6d0c3ff5673228f45b97eb9fc129f473,
        type: 3}
      propertyPath: m_LocalRotation.z
      value: -0
      objectReference: {fileID: 0}
    m_RemovedComponents: []
  m_SourcePrefab: {fileID: 100100000, guid: 6d0c3ff5673228f45b97eb9fc129f473, type: 3}
--- !u!4 &7917828309617042576 stripped
Transform:
  m_CorrespondingSourceObject: {fileID: 9004438894258124879, guid: 6d0c3ff5673228f45b97eb9fc129f473,
    type: 3}
  m_PrefabInstance: {fileID: 1231725233148665055}
  m_PrefabAsset: {fileID: 0}
--- !u!1001 &1592946538043983203
PrefabInstance:
  m_ObjectHideFlags: 0
  serializedVersion: 2
  m_Modification:
    m_TransformParent: {fileID: 5342905205481691113}
    m_Modifications:
    - target: {fileID: -7960387879410044486, guid: 6d0c3ff5673228f45b97eb9fc129f473,
        type: 3}
      propertyPath: m_Sprite
      value: 
      objectReference: {fileID: 21300000, guid: d8fb69eb17c6b584abea80d5ba8d574f,
        type: 3}
    - target: {fileID: 9004438894258124879, guid: 6d0c3ff5673228f45b97eb9fc129f473,
        type: 3}
      propertyPath: m_RootOrder
      value: 15
      objectReference: {fileID: 0}
    - target: {fileID: 9004438894258124879, guid: 6d0c3ff5673228f45b97eb9fc129f473,
        type: 3}
      propertyPath: m_LocalScale.x
      value: 0.39999998
      objectReference: {fileID: 0}
    - target: {fileID: 9004438894258124879, guid: 6d0c3ff5673228f45b97eb9fc129f473,
        type: 3}
      propertyPath: m_LocalScale.y
      value: 0.39999998
      objectReference: {fileID: 0}
    - target: {fileID: 9004438894258124879, guid: 6d0c3ff5673228f45b97eb9fc129f473,
        type: 3}
      propertyPath: m_LocalPosition.x
      value: 2.4766288
      objectReference: {fileID: 0}
    - target: {fileID: 9004438894258124879, guid: 6d0c3ff5673228f45b97eb9fc129f473,
        type: 3}
      propertyPath: m_LocalPosition.y
      value: 1.4928155
      objectReference: {fileID: 0}
    - target: {fileID: 9004438894258124879, guid: 6d0c3ff5673228f45b97eb9fc129f473,
        type: 3}
      propertyPath: m_LocalPosition.z
      value: 0
      objectReference: {fileID: 0}
    - target: {fileID: 9004438894258124879, guid: 6d0c3ff5673228f45b97eb9fc129f473,
        type: 3}
      propertyPath: m_LocalRotation.x
      value: -0
      objectReference: {fileID: 0}
    - target: {fileID: 9004438894258124879, guid: 6d0c3ff5673228f45b97eb9fc129f473,
        type: 3}
      propertyPath: m_LocalRotation.y
      value: -0
      objectReference: {fileID: 0}
    - target: {fileID: 9004438894258124879, guid: 6d0c3ff5673228f45b97eb9fc129f473,
        type: 3}
      propertyPath: m_LocalRotation.z
      value: -0
      objectReference: {fileID: 0}
    m_RemovedComponents: []
  m_SourcePrefab: {fileID: 100100000, guid: 6d0c3ff5673228f45b97eb9fc129f473, type: 3}
--- !u!4 &7704947684703714604 stripped
Transform:
  m_CorrespondingSourceObject: {fileID: 9004438894258124879, guid: 6d0c3ff5673228f45b97eb9fc129f473,
    type: 3}
  m_PrefabInstance: {fileID: 1592946538043983203}
  m_PrefabAsset: {fileID: 0}
--- !u!1001 &1723674054745986141
PrefabInstance:
  m_ObjectHideFlags: 0
  serializedVersion: 2
  m_Modification:
    m_TransformParent: {fileID: 5342905205481691113}
    m_Modifications:
    - target: {fileID: -7960387879410044486, guid: 6d0c3ff5673228f45b97eb9fc129f473,
        type: 3}
      propertyPath: m_Sprite
      value: 
      objectReference: {fileID: 21300000, guid: d8fb69eb17c6b584abea80d5ba8d574f,
        type: 3}
    - target: {fileID: 9004438894258124879, guid: 6d0c3ff5673228f45b97eb9fc129f473,
        type: 3}
      propertyPath: m_RootOrder
      value: 8
      objectReference: {fileID: 0}
    - target: {fileID: 9004438894258124879, guid: 6d0c3ff5673228f45b97eb9fc129f473,
        type: 3}
      propertyPath: m_LocalScale.x
      value: 0.39999998
      objectReference: {fileID: 0}
    - target: {fileID: 9004438894258124879, guid: 6d0c3ff5673228f45b97eb9fc129f473,
        type: 3}
      propertyPath: m_LocalScale.y
      value: 0.39999998
      objectReference: {fileID: 0}
    - target: {fileID: 9004438894258124879, guid: 6d0c3ff5673228f45b97eb9fc129f473,
        type: 3}
      propertyPath: m_LocalPosition.x
      value: -2.4920003
      objectReference: {fileID: 0}
    - target: {fileID: 9004438894258124879, guid: 6d0c3ff5673228f45b97eb9fc129f473,
        type: 3}
      propertyPath: m_LocalPosition.y
      value: -0.50999975
      objectReference: {fileID: 0}
    - target: {fileID: 9004438894258124879, guid: 6d0c3ff5673228f45b97eb9fc129f473,
        type: 3}
      propertyPath: m_LocalPosition.z
      value: 0
      objectReference: {fileID: 0}
    - target: {fileID: 9004438894258124879, guid: 6d0c3ff5673228f45b97eb9fc129f473,
        type: 3}
      propertyPath: m_LocalRotation.x
      value: -0
      objectReference: {fileID: 0}
    - target: {fileID: 9004438894258124879, guid: 6d0c3ff5673228f45b97eb9fc129f473,
        type: 3}
      propertyPath: m_LocalRotation.y
      value: -0
      objectReference: {fileID: 0}
    - target: {fileID: 9004438894258124879, guid: 6d0c3ff5673228f45b97eb9fc129f473,
        type: 3}
      propertyPath: m_LocalRotation.z
      value: -0
      objectReference: {fileID: 0}
    m_RemovedComponents: []
  m_SourcePrefab: {fileID: 100100000, guid: 6d0c3ff5673228f45b97eb9fc129f473, type: 3}
--- !u!4 &7718476093497699346 stripped
Transform:
  m_CorrespondingSourceObject: {fileID: 9004438894258124879, guid: 6d0c3ff5673228f45b97eb9fc129f473,
    type: 3}
  m_PrefabInstance: {fileID: 1723674054745986141}
  m_PrefabAsset: {fileID: 0}
--- !u!1001 &1902271043036919656
PrefabInstance:
  m_ObjectHideFlags: 0
  serializedVersion: 2
  m_Modification:
    m_TransformParent: {fileID: 5342905205481691113}
    m_Modifications:
    - target: {fileID: -7960387879410044486, guid: 6d0c3ff5673228f45b97eb9fc129f473,
        type: 3}
      propertyPath: m_Sprite
      value: 
      objectReference: {fileID: 21300000, guid: d8fb69eb17c6b584abea80d5ba8d574f,
        type: 3}
    - target: {fileID: 9004438894258124879, guid: 6d0c3ff5673228f45b97eb9fc129f473,
        type: 3}
      propertyPath: m_RootOrder
      value: 18
      objectReference: {fileID: 0}
    - target: {fileID: 9004438894258124879, guid: 6d0c3ff5673228f45b97eb9fc129f473,
        type: 3}
      propertyPath: m_LocalScale.x
      value: 0.39999998
      objectReference: {fileID: 0}
    - target: {fileID: 9004438894258124879, guid: 6d0c3ff5673228f45b97eb9fc129f473,
        type: 3}
      propertyPath: m_LocalScale.y
      value: 0.39999998
      objectReference: {fileID: 0}
    - target: {fileID: 9004438894258124879, guid: 6d0c3ff5673228f45b97eb9fc129f473,
        type: 3}
      propertyPath: m_LocalPosition.x
      value: 2.4766288
      objectReference: {fileID: 0}
    - target: {fileID: 9004438894258124879, guid: 6d0c3ff5673228f45b97eb9fc129f473,
        type: 3}
      propertyPath: m_LocalPosition.y
      value: -2.5071845
      objectReference: {fileID: 0}
    - target: {fileID: 9004438894258124879, guid: 6d0c3ff5673228f45b97eb9fc129f473,
        type: 3}
      propertyPath: m_LocalPosition.z
      value: 0
      objectReference: {fileID: 0}
    - target: {fileID: 9004438894258124879, guid: 6d0c3ff5673228f45b97eb9fc129f473,
        type: 3}
      propertyPath: m_LocalRotation.x
      value: -0
      objectReference: {fileID: 0}
    - target: {fileID: 9004438894258124879, guid: 6d0c3ff5673228f45b97eb9fc129f473,
        type: 3}
      propertyPath: m_LocalRotation.y
      value: -0
      objectReference: {fileID: 0}
    - target: {fileID: 9004438894258124879, guid: 6d0c3ff5673228f45b97eb9fc129f473,
        type: 3}
      propertyPath: m_LocalRotation.z
      value: -0
      objectReference: {fileID: 0}
    m_RemovedComponents: []
  m_SourcePrefab: {fileID: 100100000, guid: 6d0c3ff5673228f45b97eb9fc129f473, type: 3}
--- !u!4 &7390415888346599207 stripped
Transform:
  m_CorrespondingSourceObject: {fileID: 9004438894258124879, guid: 6d0c3ff5673228f45b97eb9fc129f473,
    type: 3}
  m_PrefabInstance: {fileID: 1902271043036919656}
  m_PrefabAsset: {fileID: 0}
--- !u!1001 &2199502467505691321
PrefabInstance:
  m_ObjectHideFlags: 0
  serializedVersion: 2
  m_Modification:
    m_TransformParent: {fileID: 5342905205481691113}
    m_Modifications:
    - target: {fileID: -7960387879410044486, guid: 6d0c3ff5673228f45b97eb9fc129f473,
        type: 3}
      propertyPath: m_Sprite
      value: 
      objectReference: {fileID: 21300000, guid: d8fb69eb17c6b584abea80d5ba8d574f,
        type: 3}
    - target: {fileID: 9004438894258124879, guid: 6d0c3ff5673228f45b97eb9fc129f473,
        type: 3}
      propertyPath: m_RootOrder
      value: 17
      objectReference: {fileID: 0}
    - target: {fileID: 9004438894258124879, guid: 6d0c3ff5673228f45b97eb9fc129f473,
        type: 3}
      propertyPath: m_LocalScale.x
      value: 0.39999998
      objectReference: {fileID: 0}
    - target: {fileID: 9004438894258124879, guid: 6d0c3ff5673228f45b97eb9fc129f473,
        type: 3}
      propertyPath: m_LocalScale.y
      value: 0.39999998
      objectReference: {fileID: 0}
    - target: {fileID: 9004438894258124879, guid: 6d0c3ff5673228f45b97eb9fc129f473,
        type: 3}
      propertyPath: m_LocalPosition.x
      value: 2.4766288
      objectReference: {fileID: 0}
    - target: {fileID: 9004438894258124879, guid: 6d0c3ff5673228f45b97eb9fc129f473,
        type: 3}
      propertyPath: m_LocalPosition.y
      value: -1.5099998
      objectReference: {fileID: 0}
    - target: {fileID: 9004438894258124879, guid: 6d0c3ff5673228f45b97eb9fc129f473,
        type: 3}
      propertyPath: m_LocalPosition.z
      value: 0
      objectReference: {fileID: 0}
    - target: {fileID: 9004438894258124879, guid: 6d0c3ff5673228f45b97eb9fc129f473,
        type: 3}
      propertyPath: m_LocalRotation.x
      value: -0
      objectReference: {fileID: 0}
    - target: {fileID: 9004438894258124879, guid: 6d0c3ff5673228f45b97eb9fc129f473,
        type: 3}
      propertyPath: m_LocalRotation.y
      value: -0
      objectReference: {fileID: 0}
    - target: {fileID: 9004438894258124879, guid: 6d0c3ff5673228f45b97eb9fc129f473,
        type: 3}
      propertyPath: m_LocalRotation.z
      value: -0
      objectReference: {fileID: 0}
    m_RemovedComponents: []
  m_SourcePrefab: {fileID: 100100000, guid: 6d0c3ff5673228f45b97eb9fc129f473, type: 3}
--- !u!4 &7093172300529459958 stripped
Transform:
  m_CorrespondingSourceObject: {fileID: 9004438894258124879, guid: 6d0c3ff5673228f45b97eb9fc129f473,
    type: 3}
  m_PrefabInstance: {fileID: 2199502467505691321}
  m_PrefabAsset: {fileID: 0}
--- !u!1001 &2212658063109416592
PrefabInstance:
  m_ObjectHideFlags: 0
  serializedVersion: 2
  m_Modification:
    m_TransformParent: {fileID: 5342905205481691113}
    m_Modifications:
    - target: {fileID: -7960387879410044486, guid: 6d0c3ff5673228f45b97eb9fc129f473,
        type: 3}
      propertyPath: m_Sprite
      value: 
      objectReference: {fileID: 21300000, guid: d8fb69eb17c6b584abea80d5ba8d574f,
        type: 3}
    - target: {fileID: 9004438894258124879, guid: 6d0c3ff5673228f45b97eb9fc129f473,
        type: 3}
      propertyPath: m_RootOrder
      value: 12
      objectReference: {fileID: 0}
    - target: {fileID: 9004438894258124879, guid: 6d0c3ff5673228f45b97eb9fc129f473,
        type: 3}
      propertyPath: m_LocalScale.x
      value: 0.39999998
      objectReference: {fileID: 0}
    - target: {fileID: 9004438894258124879, guid: 6d0c3ff5673228f45b97eb9fc129f473,
        type: 3}
      propertyPath: m_LocalScale.y
      value: 0.39999998
      objectReference: {fileID: 0}
    - target: {fileID: 9004438894258124879, guid: 6d0c3ff5673228f45b97eb9fc129f473,
        type: 3}
      propertyPath: m_LocalPosition.x
      value: -2.4920003
      objectReference: {fileID: 0}
    - target: {fileID: 9004438894258124879, guid: 6d0c3ff5673228f45b97eb9fc129f473,
        type: 3}
      propertyPath: m_LocalPosition.y
      value: -4.507185
      objectReference: {fileID: 0}
    - target: {fileID: 9004438894258124879, guid: 6d0c3ff5673228f45b97eb9fc129f473,
        type: 3}
      propertyPath: m_LocalPosition.z
      value: 0
      objectReference: {fileID: 0}
    - target: {fileID: 9004438894258124879, guid: 6d0c3ff5673228f45b97eb9fc129f473,
        type: 3}
      propertyPath: m_LocalRotation.x
      value: -0
      objectReference: {fileID: 0}
    - target: {fileID: 9004438894258124879, guid: 6d0c3ff5673228f45b97eb9fc129f473,
        type: 3}
      propertyPath: m_LocalRotation.y
      value: -0
      objectReference: {fileID: 0}
    - target: {fileID: 9004438894258124879, guid: 6d0c3ff5673228f45b97eb9fc129f473,
        type: 3}
      propertyPath: m_LocalRotation.z
      value: -0
      objectReference: {fileID: 0}
    m_RemovedComponents: []
  m_SourcePrefab: {fileID: 100100000, guid: 6d0c3ff5673228f45b97eb9fc129f473, type: 3}
--- !u!4 &7080434587997642463 stripped
Transform:
  m_CorrespondingSourceObject: {fileID: 9004438894258124879, guid: 6d0c3ff5673228f45b97eb9fc129f473,
    type: 3}
  m_PrefabInstance: {fileID: 2212658063109416592}
  m_PrefabAsset: {fileID: 0}
--- !u!1001 &2783342841775064147
PrefabInstance:
  m_ObjectHideFlags: 0
  serializedVersion: 2
  m_Modification:
    m_TransformParent: {fileID: 5342905205481691113}
    m_Modifications:
    - target: {fileID: -7960387879410044486, guid: 6d0c3ff5673228f45b97eb9fc129f473,
        type: 3}
      propertyPath: m_Sprite
      value: 
      objectReference: {fileID: 21300000, guid: d8fb69eb17c6b584abea80d5ba8d574f,
        type: 3}
    - target: {fileID: 9004438894258124879, guid: 6d0c3ff5673228f45b97eb9fc129f473,
        type: 3}
      propertyPath: m_RootOrder
      value: 13
      objectReference: {fileID: 0}
    - target: {fileID: 9004438894258124879, guid: 6d0c3ff5673228f45b97eb9fc129f473,
        type: 3}
      propertyPath: m_LocalScale.x
      value: 0.39999998
      objectReference: {fileID: 0}
    - target: {fileID: 9004438894258124879, guid: 6d0c3ff5673228f45b97eb9fc129f473,
        type: 3}
      propertyPath: m_LocalScale.y
      value: 0.39999998
      objectReference: {fileID: 0}
    - target: {fileID: 9004438894258124879, guid: 6d0c3ff5673228f45b97eb9fc129f473,
        type: 3}
      propertyPath: m_LocalPosition.x
      value: 2.4766288
      objectReference: {fileID: 0}
    - target: {fileID: 9004438894258124879, guid: 6d0c3ff5673228f45b97eb9fc129f473,
        type: 3}
      propertyPath: m_LocalPosition.y
      value: 4.487185
      objectReference: {fileID: 0}
    - target: {fileID: 9004438894258124879, guid: 6d0c3ff5673228f45b97eb9fc129f473,
        type: 3}
      propertyPath: m_LocalPosition.z
      value: 0
      objectReference: {fileID: 0}
    - target: {fileID: 9004438894258124879, guid: 6d0c3ff5673228f45b97eb9fc129f473,
        type: 3}
      propertyPath: m_LocalRotation.x
      value: -0
      objectReference: {fileID: 0}
    - target: {fileID: 9004438894258124879, guid: 6d0c3ff5673228f45b97eb9fc129f473,
        type: 3}
      propertyPath: m_LocalRotation.y
      value: -0
      objectReference: {fileID: 0}
    - target: {fileID: 9004438894258124879, guid: 6d0c3ff5673228f45b97eb9fc129f473,
        type: 3}
      propertyPath: m_LocalRotation.z
      value: -0
      objectReference: {fileID: 0}
    m_RemovedComponents: []
  m_SourcePrefab: {fileID: 100100000, guid: 6d0c3ff5673228f45b97eb9fc129f473, type: 3}
--- !u!4 &6509490255867313180 stripped
Transform:
  m_CorrespondingSourceObject: {fileID: 9004438894258124879, guid: 6d0c3ff5673228f45b97eb9fc129f473,
    type: 3}
  m_PrefabInstance: {fileID: 2783342841775064147}
  m_PrefabAsset: {fileID: 0}
--- !u!1001 &2945955119900186671
PrefabInstance:
  m_ObjectHideFlags: 0
  serializedVersion: 2
  m_Modification:
    m_TransformParent: {fileID: 5342905205481691113}
    m_Modifications:
    - target: {fileID: -7960387879410044486, guid: 6d0c3ff5673228f45b97eb9fc129f473,
        type: 3}
      propertyPath: m_Sprite
      value: 
      objectReference: {fileID: 21300000, guid: d8fb69eb17c6b584abea80d5ba8d574f,
        type: 3}
    - target: {fileID: 9004438894258124879, guid: 6d0c3ff5673228f45b97eb9fc129f473,
        type: 3}
      propertyPath: m_RootOrder
      value: 10
      objectReference: {fileID: 0}
    - target: {fileID: 9004438894258124879, guid: 6d0c3ff5673228f45b97eb9fc129f473,
        type: 3}
      propertyPath: m_LocalScale.x
      value: 0.39999998
      objectReference: {fileID: 0}
    - target: {fileID: 9004438894258124879, guid: 6d0c3ff5673228f45b97eb9fc129f473,
        type: 3}
      propertyPath: m_LocalScale.y
      value: 0.39999998
      objectReference: {fileID: 0}
    - target: {fileID: 9004438894258124879, guid: 6d0c3ff5673228f45b97eb9fc129f473,
        type: 3}
      propertyPath: m_LocalPosition.x
      value: -2.4920003
      objectReference: {fileID: 0}
    - target: {fileID: 9004438894258124879, guid: 6d0c3ff5673228f45b97eb9fc129f473,
        type: 3}
      propertyPath: m_LocalPosition.y
      value: -1.5099998
      objectReference: {fileID: 0}
    - target: {fileID: 9004438894258124879, guid: 6d0c3ff5673228f45b97eb9fc129f473,
        type: 3}
      propertyPath: m_LocalPosition.z
      value: 0
      objectReference: {fileID: 0}
    - target: {fileID: 9004438894258124879, guid: 6d0c3ff5673228f45b97eb9fc129f473,
        type: 3}
      propertyPath: m_LocalRotation.x
      value: -0
      objectReference: {fileID: 0}
    - target: {fileID: 9004438894258124879, guid: 6d0c3ff5673228f45b97eb9fc129f473,
        type: 3}
      propertyPath: m_LocalRotation.y
      value: -0
      objectReference: {fileID: 0}
    - target: {fileID: 9004438894258124879, guid: 6d0c3ff5673228f45b97eb9fc129f473,
        type: 3}
      propertyPath: m_LocalRotation.z
      value: -0
      objectReference: {fileID: 0}
    m_RemovedComponents: []
  m_SourcePrefab: {fileID: 100100000, guid: 6d0c3ff5673228f45b97eb9fc129f473, type: 3}
--- !u!4 &6058489276211109984 stripped
Transform:
  m_CorrespondingSourceObject: {fileID: 9004438894258124879, guid: 6d0c3ff5673228f45b97eb9fc129f473,
    type: 3}
  m_PrefabInstance: {fileID: 2945955119900186671}
  m_PrefabAsset: {fileID: 0}
--- !u!1001 &3271260625153761618
PrefabInstance:
  m_ObjectHideFlags: 0
  serializedVersion: 2
  m_Modification:
    m_TransformParent: {fileID: 5342905205481691113}
    m_Modifications:
    - target: {fileID: 6255579115128113031, guid: aaa3f53ce755e314b82b44620c6efb50,
        type: 3}
      propertyPath: m_Name
      value: P 2
      objectReference: {fileID: 0}
    - target: {fileID: 7141653248389777515, guid: aaa3f53ce755e314b82b44620c6efb50,
        type: 3}
      propertyPath: m_RootOrder
      value: 2
      objectReference: {fileID: 0}
    - target: {fileID: 7141653248389777515, guid: aaa3f53ce755e314b82b44620c6efb50,
        type: 3}
      propertyPath: m_LocalPosition.x
      value: -1.59
      objectReference: {fileID: 0}
    - target: {fileID: 7141653248389777515, guid: aaa3f53ce755e314b82b44620c6efb50,
        type: 3}
      propertyPath: m_LocalPosition.y
      value: -3.65
      objectReference: {fileID: 0}
    - target: {fileID: 7141653248389777515, guid: aaa3f53ce755e314b82b44620c6efb50,
        type: 3}
      propertyPath: m_LocalPosition.z
      value: 0
      objectReference: {fileID: 0}
    - target: {fileID: 7141653248389777515, guid: aaa3f53ce755e314b82b44620c6efb50,
        type: 3}
      propertyPath: m_LocalRotation.w
      value: 1
      objectReference: {fileID: 0}
    - target: {fileID: 7141653248389777515, guid: aaa3f53ce755e314b82b44620c6efb50,
        type: 3}
      propertyPath: m_LocalRotation.x
      value: -0
      objectReference: {fileID: 0}
    - target: {fileID: 7141653248389777515, guid: aaa3f53ce755e314b82b44620c6efb50,
        type: 3}
      propertyPath: m_LocalRotation.y
      value: -0
      objectReference: {fileID: 0}
    - target: {fileID: 7141653248389777515, guid: aaa3f53ce755e314b82b44620c6efb50,
        type: 3}
      propertyPath: m_LocalRotation.z
      value: -0
      objectReference: {fileID: 0}
    - target: {fileID: 7141653248389777515, guid: aaa3f53ce755e314b82b44620c6efb50,
        type: 3}
      propertyPath: m_LocalEulerAnglesHint.x
      value: 0
      objectReference: {fileID: 0}
    - target: {fileID: 7141653248389777515, guid: aaa3f53ce755e314b82b44620c6efb50,
        type: 3}
      propertyPath: m_LocalEulerAnglesHint.y
      value: 0
      objectReference: {fileID: 0}
    - target: {fileID: 7141653248389777515, guid: aaa3f53ce755e314b82b44620c6efb50,
        type: 3}
      propertyPath: m_LocalEulerAnglesHint.z
      value: 0
      objectReference: {fileID: 0}
    - target: {fileID: 9030873063864134776, guid: aaa3f53ce755e314b82b44620c6efb50,
        type: 3}
      propertyPath: m_Sprite
      value: 
      objectReference: {fileID: 21300000, guid: d8fb69eb17c6b584abea80d5ba8d574f,
        type: 3}
    m_RemovedComponents: []
  m_SourcePrefab: {fileID: 100100000, guid: aaa3f53ce755e314b82b44620c6efb50, type: 3}
--- !u!4 &5654803688259758393 stripped
Transform:
  m_CorrespondingSourceObject: {fileID: 7141653248389777515, guid: aaa3f53ce755e314b82b44620c6efb50,
    type: 3}
  m_PrefabInstance: {fileID: 3271260625153761618}
  m_PrefabAsset: {fileID: 0}
--- !u!1001 &4139637532356272048
PrefabInstance:
  m_ObjectHideFlags: 0
  serializedVersion: 2
  m_Modification:
    m_TransformParent: {fileID: 5342905205481691113}
    m_Modifications:
    - target: {fileID: -7960387879410044486, guid: 6d0c3ff5673228f45b97eb9fc129f473,
        type: 3}
      propertyPath: m_Sprite
      value: 
      objectReference: {fileID: 21300000, guid: d8fb69eb17c6b584abea80d5ba8d574f,
        type: 3}
    - target: {fileID: 9004438894258124879, guid: 6d0c3ff5673228f45b97eb9fc129f473,
        type: 3}
      propertyPath: m_RootOrder
      value: 4
      objectReference: {fileID: 0}
    - target: {fileID: 9004438894258124879, guid: 6d0c3ff5673228f45b97eb9fc129f473,
        type: 3}
      propertyPath: m_LocalScale.x
      value: 0.39999998
      objectReference: {fileID: 0}
    - target: {fileID: 9004438894258124879, guid: 6d0c3ff5673228f45b97eb9fc129f473,
        type: 3}
      propertyPath: m_LocalScale.y
      value: 0.39999998
      objectReference: {fileID: 0}
    - target: {fileID: 9004438894258124879, guid: 6d0c3ff5673228f45b97eb9fc129f473,
        type: 3}
      propertyPath: m_LocalPosition.x
      value: -2.4920003
      objectReference: {fileID: 0}
    - target: {fileID: 9004438894258124879, guid: 6d0c3ff5673228f45b97eb9fc129f473,
        type: 3}
      propertyPath: m_LocalPosition.y
      value: 3.4900002
      objectReference: {fileID: 0}
    - target: {fileID: 9004438894258124879, guid: 6d0c3ff5673228f45b97eb9fc129f473,
        type: 3}
      propertyPath: m_LocalPosition.z
      value: 0
      objectReference: {fileID: 0}
    - target: {fileID: 9004438894258124879, guid: 6d0c3ff5673228f45b97eb9fc129f473,
        type: 3}
      propertyPath: m_LocalRotation.x
      value: -0
      objectReference: {fileID: 0}
    - target: {fileID: 9004438894258124879, guid: 6d0c3ff5673228f45b97eb9fc129f473,
        type: 3}
      propertyPath: m_LocalRotation.y
      value: -0
      objectReference: {fileID: 0}
    - target: {fileID: 9004438894258124879, guid: 6d0c3ff5673228f45b97eb9fc129f473,
        type: 3}
      propertyPath: m_LocalRotation.z
      value: -0
      objectReference: {fileID: 0}
    m_RemovedComponents: []
  m_SourcePrefab: {fileID: 100100000, guid: 6d0c3ff5673228f45b97eb9fc129f473, type: 3}
--- !u!4 &5009343160557447167 stripped
Transform:
  m_CorrespondingSourceObject: {fileID: 9004438894258124879, guid: 6d0c3ff5673228f45b97eb9fc129f473,
    type: 3}
  m_PrefabInstance: {fileID: 4139637532356272048}
  m_PrefabAsset: {fileID: 0}
--- !u!1001 &4629776164979294224
PrefabInstance:
  m_ObjectHideFlags: 0
  serializedVersion: 2
  m_Modification:
    m_TransformParent: {fileID: 5342905205481691113}
    m_Modifications:
    - target: {fileID: -7960387879410044486, guid: 6d0c3ff5673228f45b97eb9fc129f473,
        type: 3}
      propertyPath: m_Sprite
      value: 
      objectReference: {fileID: 21300000, guid: d8fb69eb17c6b584abea80d5ba8d574f,
        type: 3}
    - target: {fileID: 9004438894258124879, guid: 6d0c3ff5673228f45b97eb9fc129f473,
        type: 3}
      propertyPath: m_RootOrder
      value: 7
      objectReference: {fileID: 0}
    - target: {fileID: 9004438894258124879, guid: 6d0c3ff5673228f45b97eb9fc129f473,
        type: 3}
      propertyPath: m_LocalScale.x
      value: 0.39999998
      objectReference: {fileID: 0}
    - target: {fileID: 9004438894258124879, guid: 6d0c3ff5673228f45b97eb9fc129f473,
        type: 3}
      propertyPath: m_LocalScale.y
      value: 0.39999998
      objectReference: {fileID: 0}
    - target: {fileID: 9004438894258124879, guid: 6d0c3ff5673228f45b97eb9fc129f473,
        type: 3}
      propertyPath: m_LocalPosition.x
      value: -2.4920003
      objectReference: {fileID: 0}
    - target: {fileID: 9004438894258124879, guid: 6d0c3ff5673228f45b97eb9fc129f473,
        type: 3}
      propertyPath: m_LocalPosition.y
      value: 0.487185
      objectReference: {fileID: 0}
    - target: {fileID: 9004438894258124879, guid: 6d0c3ff5673228f45b97eb9fc129f473,
        type: 3}
      propertyPath: m_LocalPosition.z
      value: 0
      objectReference: {fileID: 0}
    - target: {fileID: 9004438894258124879, guid: 6d0c3ff5673228f45b97eb9fc129f473,
        type: 3}
      propertyPath: m_LocalRotation.x
      value: -0
      objectReference: {fileID: 0}
    - target: {fileID: 9004438894258124879, guid: 6d0c3ff5673228f45b97eb9fc129f473,
        type: 3}
      propertyPath: m_LocalRotation.y
      value: -0
      objectReference: {fileID: 0}
    - target: {fileID: 9004438894258124879, guid: 6d0c3ff5673228f45b97eb9fc129f473,
        type: 3}
      propertyPath: m_LocalRotation.z
      value: -0
      objectReference: {fileID: 0}
    m_RemovedComponents: []
  m_SourcePrefab: {fileID: 100100000, guid: 6d0c3ff5673228f45b97eb9fc129f473, type: 3}
--- !u!4 &4374813362439993439 stripped
Transform:
  m_CorrespondingSourceObject: {fileID: 9004438894258124879, guid: 6d0c3ff5673228f45b97eb9fc129f473,
    type: 3}
  m_PrefabInstance: {fileID: 4629776164979294224}
  m_PrefabAsset: {fileID: 0}
--- !u!1001 &4648845983741236917
PrefabInstance:
  m_ObjectHideFlags: 0
  serializedVersion: 2
  m_Modification:
    m_TransformParent: {fileID: 5342905205481691113}
    m_Modifications:
    - target: {fileID: -7960387879410044486, guid: 6d0c3ff5673228f45b97eb9fc129f473,
        type: 3}
      propertyPath: m_Sprite
      value: 
      objectReference: {fileID: 21300000, guid: d8fb69eb17c6b584abea80d5ba8d574f,
        type: 3}
    - target: {fileID: 9004438894258124879, guid: 6d0c3ff5673228f45b97eb9fc129f473,
        type: 3}
      propertyPath: m_RootOrder
      value: 6
      objectReference: {fileID: 0}
    - target: {fileID: 9004438894258124879, guid: 6d0c3ff5673228f45b97eb9fc129f473,
        type: 3}
      propertyPath: m_LocalScale.x
      value: 0.39999998
      objectReference: {fileID: 0}
    - target: {fileID: 9004438894258124879, guid: 6d0c3ff5673228f45b97eb9fc129f473,
        type: 3}
      propertyPath: m_LocalScale.y
      value: 0.39999998
      objectReference: {fileID: 0}
    - target: {fileID: 9004438894258124879, guid: 6d0c3ff5673228f45b97eb9fc129f473,
        type: 3}
      propertyPath: m_LocalPosition.x
      value: -2.4920003
      objectReference: {fileID: 0}
    - target: {fileID: 9004438894258124879, guid: 6d0c3ff5673228f45b97eb9fc129f473,
        type: 3}
      propertyPath: m_LocalPosition.y
      value: 1.4928155
      objectReference: {fileID: 0}
    - target: {fileID: 9004438894258124879, guid: 6d0c3ff5673228f45b97eb9fc129f473,
        type: 3}
      propertyPath: m_LocalPosition.z
      value: 0
      objectReference: {fileID: 0}
    - target: {fileID: 9004438894258124879, guid: 6d0c3ff5673228f45b97eb9fc129f473,
        type: 3}
      propertyPath: m_LocalRotation.x
      value: -0
      objectReference: {fileID: 0}
    - target: {fileID: 9004438894258124879, guid: 6d0c3ff5673228f45b97eb9fc129f473,
        type: 3}
      propertyPath: m_LocalRotation.y
      value: -0
      objectReference: {fileID: 0}
    - target: {fileID: 9004438894258124879, guid: 6d0c3ff5673228f45b97eb9fc129f473,
        type: 3}
      propertyPath: m_LocalRotation.z
      value: -0
      objectReference: {fileID: 0}
    m_RemovedComponents: []
  m_SourcePrefab: {fileID: 100100000, guid: 6d0c3ff5673228f45b97eb9fc129f473, type: 3}
--- !u!4 &4355602879136050938 stripped
Transform:
  m_CorrespondingSourceObject: {fileID: 9004438894258124879, guid: 6d0c3ff5673228f45b97eb9fc129f473,
    type: 3}
  m_PrefabInstance: {fileID: 4648845983741236917}
  m_PrefabAsset: {fileID: 0}
--- !u!1001 &4768226392942555158
PrefabInstance:
  m_ObjectHideFlags: 0
  serializedVersion: 2
  m_Modification:
    m_TransformParent: {fileID: 5342905205481691113}
    m_Modifications:
    - target: {fileID: -7960387879410044486, guid: 6d0c3ff5673228f45b97eb9fc129f473,
        type: 3}
      propertyPath: m_Sprite
      value: 
      objectReference: {fileID: 21300000, guid: d8fb69eb17c6b584abea80d5ba8d574f,
        type: 3}
    - target: {fileID: 9004438894258124879, guid: 6d0c3ff5673228f45b97eb9fc129f473,
        type: 3}
      propertyPath: m_RootOrder
      value: 11
      objectReference: {fileID: 0}
    - target: {fileID: 9004438894258124879, guid: 6d0c3ff5673228f45b97eb9fc129f473,
        type: 3}
      propertyPath: m_LocalScale.x
      value: 0.39999998
      objectReference: {fileID: 0}
    - target: {fileID: 9004438894258124879, guid: 6d0c3ff5673228f45b97eb9fc129f473,
        type: 3}
      propertyPath: m_LocalScale.y
      value: 0.39999998
      objectReference: {fileID: 0}
    - target: {fileID: 9004438894258124879, guid: 6d0c3ff5673228f45b97eb9fc129f473,
        type: 3}
      propertyPath: m_LocalPosition.x
      value: -2.4920003
      objectReference: {fileID: 0}
    - target: {fileID: 9004438894258124879, guid: 6d0c3ff5673228f45b97eb9fc129f473,
        type: 3}
      propertyPath: m_LocalPosition.y
      value: -3.5099998
      objectReference: {fileID: 0}
    - target: {fileID: 9004438894258124879, guid: 6d0c3ff5673228f45b97eb9fc129f473,
        type: 3}
      propertyPath: m_LocalPosition.z
      value: 0
      objectReference: {fileID: 0}
    - target: {fileID: 9004438894258124879, guid: 6d0c3ff5673228f45b97eb9fc129f473,
        type: 3}
      propertyPath: m_LocalRotation.x
      value: -0
      objectReference: {fileID: 0}
    - target: {fileID: 9004438894258124879, guid: 6d0c3ff5673228f45b97eb9fc129f473,
        type: 3}
      propertyPath: m_LocalRotation.y
      value: -0
      objectReference: {fileID: 0}
    - target: {fileID: 9004438894258124879, guid: 6d0c3ff5673228f45b97eb9fc129f473,
        type: 3}
      propertyPath: m_LocalRotation.z
      value: -0
      objectReference: {fileID: 0}
    m_RemovedComponents: []
  m_SourcePrefab: {fileID: 100100000, guid: 6d0c3ff5673228f45b97eb9fc129f473, type: 3}
--- !u!4 &4528956372767524953 stripped
Transform:
  m_CorrespondingSourceObject: {fileID: 9004438894258124879, guid: 6d0c3ff5673228f45b97eb9fc129f473,
    type: 3}
  m_PrefabInstance: {fileID: 4768226392942555158}
  m_PrefabAsset: {fileID: 0}
--- !u!1001 &5147964631820103332
PrefabInstance:
  m_ObjectHideFlags: 0
  serializedVersion: 2
  m_Modification:
    m_TransformParent: {fileID: 5342905205481691113}
    m_Modifications:
    - target: {fileID: -7960387879410044486, guid: 6d0c3ff5673228f45b97eb9fc129f473,
        type: 3}
      propertyPath: m_Sprite
      value: 
      objectReference: {fileID: 21300000, guid: d8fb69eb17c6b584abea80d5ba8d574f,
        type: 3}
    - target: {fileID: 9004438894258124879, guid: 6d0c3ff5673228f45b97eb9fc129f473,
        type: 3}
      propertyPath: m_RootOrder
      value: 22
      objectReference: {fileID: 0}
    - target: {fileID: 9004438894258124879, guid: 6d0c3ff5673228f45b97eb9fc129f473,
        type: 3}
      propertyPath: m_LocalScale.x
      value: 0.39999998
      objectReference: {fileID: 0}
    - target: {fileID: 9004438894258124879, guid: 6d0c3ff5673228f45b97eb9fc129f473,
        type: 3}
      propertyPath: m_LocalScale.y
      value: 0.39999998
      objectReference: {fileID: 0}
    - target: {fileID: 9004438894258124879, guid: 6d0c3ff5673228f45b97eb9fc129f473,
        type: 3}
      propertyPath: m_LocalPosition.x
      value: 2.4766288
      objectReference: {fileID: 0}
    - target: {fileID: 9004438894258124879, guid: 6d0c3ff5673228f45b97eb9fc129f473,
        type: 3}
      propertyPath: m_LocalPosition.y
      value: -3.5099998
      objectReference: {fileID: 0}
    - target: {fileID: 9004438894258124879, guid: 6d0c3ff5673228f45b97eb9fc129f473,
        type: 3}
      propertyPath: m_LocalPosition.z
      value: 0
      objectReference: {fileID: 0}
    - target: {fileID: 9004438894258124879, guid: 6d0c3ff5673228f45b97eb9fc129f473,
        type: 3}
      propertyPath: m_LocalRotation.x
      value: -0
      objectReference: {fileID: 0}
    - target: {fileID: 9004438894258124879, guid: 6d0c3ff5673228f45b97eb9fc129f473,
        type: 3}
      propertyPath: m_LocalRotation.y
      value: -0
      objectReference: {fileID: 0}
    - target: {fileID: 9004438894258124879, guid: 6d0c3ff5673228f45b97eb9fc129f473,
        type: 3}
      propertyPath: m_LocalRotation.z
      value: -0
      objectReference: {fileID: 0}
    m_RemovedComponents: []
  m_SourcePrefab: {fileID: 100100000, guid: 6d0c3ff5673228f45b97eb9fc129f473, type: 3}
--- !u!4 &4289414735538820843 stripped
Transform:
  m_CorrespondingSourceObject: {fileID: 9004438894258124879, guid: 6d0c3ff5673228f45b97eb9fc129f473,
    type: 3}
  m_PrefabInstance: {fileID: 5147964631820103332}
  m_PrefabAsset: {fileID: 0}
--- !u!1001 &5191950489390410856
PrefabInstance:
  m_ObjectHideFlags: 0
  serializedVersion: 2
  m_Modification:
    m_TransformParent: {fileID: 5342905205481691113}
    m_Modifications:
    - target: {fileID: -7960387879410044486, guid: 6d0c3ff5673228f45b97eb9fc129f473,
        type: 3}
      propertyPath: m_Sprite
      value: 
      objectReference: {fileID: 21300000, guid: d8fb69eb17c6b584abea80d5ba8d574f,
        type: 3}
    - target: {fileID: 9004438894258124879, guid: 6d0c3ff5673228f45b97eb9fc129f473,
        type: 3}
      propertyPath: m_RootOrder
      value: 20
      objectReference: {fileID: 0}
    - target: {fileID: 9004438894258124879, guid: 6d0c3ff5673228f45b97eb9fc129f473,
        type: 3}
      propertyPath: m_LocalScale.x
      value: 0.39999998
      objectReference: {fileID: 0}
    - target: {fileID: 9004438894258124879, guid: 6d0c3ff5673228f45b97eb9fc129f473,
        type: 3}
      propertyPath: m_LocalScale.y
      value: 0.39999998
      objectReference: {fileID: 0}
    - target: {fileID: 9004438894258124879, guid: 6d0c3ff5673228f45b97eb9fc129f473,
        type: 3}
      propertyPath: m_LocalPosition.x
      value: 2.4766288
      objectReference: {fileID: 0}
    - target: {fileID: 9004438894258124879, guid: 6d0c3ff5673228f45b97eb9fc129f473,
        type: 3}
      propertyPath: m_LocalPosition.y
      value: 0.487185
      objectReference: {fileID: 0}
    - target: {fileID: 9004438894258124879, guid: 6d0c3ff5673228f45b97eb9fc129f473,
        type: 3}
      propertyPath: m_LocalPosition.z
      value: 0
      objectReference: {fileID: 0}
    - target: {fileID: 9004438894258124879, guid: 6d0c3ff5673228f45b97eb9fc129f473,
        type: 3}
      propertyPath: m_LocalRotation.x
      value: -0
      objectReference: {fileID: 0}
    - target: {fileID: 9004438894258124879, guid: 6d0c3ff5673228f45b97eb9fc129f473,
        type: 3}
      propertyPath: m_LocalRotation.y
      value: -0
      objectReference: {fileID: 0}
    - target: {fileID: 9004438894258124879, guid: 6d0c3ff5673228f45b97eb9fc129f473,
        type: 3}
      propertyPath: m_LocalRotation.z
      value: -0
      objectReference: {fileID: 0}
    m_RemovedComponents: []
  m_SourcePrefab: {fileID: 100100000, guid: 6d0c3ff5673228f45b97eb9fc129f473, type: 3}
--- !u!4 &3817840827538904103 stripped
Transform:
  m_CorrespondingSourceObject: {fileID: 9004438894258124879, guid: 6d0c3ff5673228f45b97eb9fc129f473,
    type: 3}
  m_PrefabInstance: {fileID: 5191950489390410856}
  m_PrefabAsset: {fileID: 0}
--- !u!1001 &5819757438812190984
PrefabInstance:
  m_ObjectHideFlags: 0
  serializedVersion: 2
  m_Modification:
    m_TransformParent: {fileID: 5342905205481691113}
    m_Modifications:
    - target: {fileID: 6255579115128113031, guid: aaa3f53ce755e314b82b44620c6efb50,
        type: 3}
      propertyPath: m_Name
      value: P
      objectReference: {fileID: 0}
    - target: {fileID: 7141653248389777515, guid: aaa3f53ce755e314b82b44620c6efb50,
        type: 3}
      propertyPath: m_RootOrder
      value: 0
      objectReference: {fileID: 0}
    - target: {fileID: 7141653248389777515, guid: aaa3f53ce755e314b82b44620c6efb50,
        type: 3}
      propertyPath: m_LocalPosition.x
      value: -1.6
      objectReference: {fileID: 0}
    - target: {fileID: 7141653248389777515, guid: aaa3f53ce755e314b82b44620c6efb50,
        type: 3}
      propertyPath: m_LocalPosition.y
      value: 0.33
      objectReference: {fileID: 0}
    - target: {fileID: 7141653248389777515, guid: aaa3f53ce755e314b82b44620c6efb50,
        type: 3}
      propertyPath: m_LocalPosition.z
      value: 0
      objectReference: {fileID: 0}
    - target: {fileID: 7141653248389777515, guid: aaa3f53ce755e314b82b44620c6efb50,
        type: 3}
      propertyPath: m_LocalRotation.w
      value: 1
      objectReference: {fileID: 0}
    - target: {fileID: 7141653248389777515, guid: aaa3f53ce755e314b82b44620c6efb50,
        type: 3}
      propertyPath: m_LocalRotation.x
      value: -0
      objectReference: {fileID: 0}
    - target: {fileID: 7141653248389777515, guid: aaa3f53ce755e314b82b44620c6efb50,
        type: 3}
      propertyPath: m_LocalRotation.y
      value: -0
      objectReference: {fileID: 0}
    - target: {fileID: 7141653248389777515, guid: aaa3f53ce755e314b82b44620c6efb50,
        type: 3}
      propertyPath: m_LocalRotation.z
      value: -0
      objectReference: {fileID: 0}
    - target: {fileID: 7141653248389777515, guid: aaa3f53ce755e314b82b44620c6efb50,
        type: 3}
      propertyPath: m_LocalEulerAnglesHint.x
      value: 0
      objectReference: {fileID: 0}
    - target: {fileID: 7141653248389777515, guid: aaa3f53ce755e314b82b44620c6efb50,
        type: 3}
      propertyPath: m_LocalEulerAnglesHint.y
      value: 0
      objectReference: {fileID: 0}
    - target: {fileID: 7141653248389777515, guid: aaa3f53ce755e314b82b44620c6efb50,
        type: 3}
      propertyPath: m_LocalEulerAnglesHint.z
      value: 0
      objectReference: {fileID: 0}
    - target: {fileID: 9030873063864134776, guid: aaa3f53ce755e314b82b44620c6efb50,
        type: 3}
      propertyPath: m_Sprite
      value: 
      objectReference: {fileID: 21300000, guid: d8fb69eb17c6b584abea80d5ba8d574f,
        type: 3}
    m_RemovedComponents: []
  m_SourcePrefab: {fileID: 100100000, guid: aaa3f53ce755e314b82b44620c6efb50, type: 3}
--- !u!4 &3737936309757407587 stripped
Transform:
  m_CorrespondingSourceObject: {fileID: 7141653248389777515, guid: aaa3f53ce755e314b82b44620c6efb50,
    type: 3}
  m_PrefabInstance: {fileID: 5819757438812190984}
  m_PrefabAsset: {fileID: 0}
--- !u!1001 &6586837489783347123
PrefabInstance:
  m_ObjectHideFlags: 0
  serializedVersion: 2
  m_Modification:
    m_TransformParent: {fileID: 5342905205481691113}
    m_Modifications:
    - target: {fileID: -7960387879410044486, guid: 6d0c3ff5673228f45b97eb9fc129f473,
        type: 3}
      propertyPath: m_Sprite
      value: 
      objectReference: {fileID: 21300000, guid: d8fb69eb17c6b584abea80d5ba8d574f,
        type: 3}
    - target: {fileID: 9004438894258124879, guid: 6d0c3ff5673228f45b97eb9fc129f473,
        type: 3}
      propertyPath: m_RootOrder
      value: 21
      objectReference: {fileID: 0}
    - target: {fileID: 9004438894258124879, guid: 6d0c3ff5673228f45b97eb9fc129f473,
        type: 3}
      propertyPath: m_LocalScale.x
      value: 0.39999998
      objectReference: {fileID: 0}
    - target: {fileID: 9004438894258124879, guid: 6d0c3ff5673228f45b97eb9fc129f473,
        type: 3}
      propertyPath: m_LocalScale.y
      value: 0.39999998
      objectReference: {fileID: 0}
    - target: {fileID: 9004438894258124879, guid: 6d0c3ff5673228f45b97eb9fc129f473,
        type: 3}
      propertyPath: m_LocalPosition.x
      value: 2.4766288
      objectReference: {fileID: 0}
    - target: {fileID: 9004438894258124879, guid: 6d0c3ff5673228f45b97eb9fc129f473,
        type: 3}
      propertyPath: m_LocalPosition.y
      value: -4.507185
      objectReference: {fileID: 0}
    - target: {fileID: 9004438894258124879, guid: 6d0c3ff5673228f45b97eb9fc129f473,
        type: 3}
      propertyPath: m_LocalPosition.z
      value: 0
      objectReference: {fileID: 0}
    - target: {fileID: 9004438894258124879, guid: 6d0c3ff5673228f45b97eb9fc129f473,
        type: 3}
      propertyPath: m_LocalRotation.x
      value: -0
      objectReference: {fileID: 0}
    - target: {fileID: 9004438894258124879, guid: 6d0c3ff5673228f45b97eb9fc129f473,
        type: 3}
      propertyPath: m_LocalRotation.y
      value: -0
      objectReference: {fileID: 0}
    - target: {fileID: 9004438894258124879, guid: 6d0c3ff5673228f45b97eb9fc129f473,
        type: 3}
      propertyPath: m_LocalRotation.z
      value: -0
      objectReference: {fileID: 0}
    m_RemovedComponents: []
  m_SourcePrefab: {fileID: 100100000, guid: 6d0c3ff5673228f45b97eb9fc129f473, type: 3}
--- !u!4 &2855023482674376700 stripped
Transform:
  m_CorrespondingSourceObject: {fileID: 9004438894258124879, guid: 6d0c3ff5673228f45b97eb9fc129f473,
    type: 3}
  m_PrefabInstance: {fileID: 6586837489783347123}
  m_PrefabAsset: {fileID: 0}
--- !u!1001 &6887134591564445257
PrefabInstance:
  m_ObjectHideFlags: 0
  serializedVersion: 2
  m_Modification:
    m_TransformParent: {fileID: 5342905205481691113}
    m_Modifications:
    - target: {fileID: -7960387879410044486, guid: 6d0c3ff5673228f45b97eb9fc129f473,
        type: 3}
      propertyPath: m_Sprite
      value: 
      objectReference: {fileID: 21300000, guid: d8fb69eb17c6b584abea80d5ba8d574f,
        type: 3}
    - target: {fileID: 9004438894258124879, guid: 6d0c3ff5673228f45b97eb9fc129f473,
        type: 3}
      propertyPath: m_RootOrder
      value: 9
      objectReference: {fileID: 0}
    - target: {fileID: 9004438894258124879, guid: 6d0c3ff5673228f45b97eb9fc129f473,
        type: 3}
      propertyPath: m_LocalScale.x
      value: 0.39999998
      objectReference: {fileID: 0}
    - target: {fileID: 9004438894258124879, guid: 6d0c3ff5673228f45b97eb9fc129f473,
        type: 3}
      propertyPath: m_LocalScale.y
      value: 0.39999998
      objectReference: {fileID: 0}
    - target: {fileID: 9004438894258124879, guid: 6d0c3ff5673228f45b97eb9fc129f473,
        type: 3}
      propertyPath: m_LocalPosition.x
      value: -2.4920003
      objectReference: {fileID: 0}
    - target: {fileID: 9004438894258124879, guid: 6d0c3ff5673228f45b97eb9fc129f473,
        type: 3}
      propertyPath: m_LocalPosition.y
      value: -2.5071845
      objectReference: {fileID: 0}
    - target: {fileID: 9004438894258124879, guid: 6d0c3ff5673228f45b97eb9fc129f473,
        type: 3}
      propertyPath: m_LocalPosition.z
      value: 0
      objectReference: {fileID: 0}
    - target: {fileID: 9004438894258124879, guid: 6d0c3ff5673228f45b97eb9fc129f473,
        type: 3}
      propertyPath: m_LocalRotation.x
      value: -0
      objectReference: {fileID: 0}
    - target: {fileID: 9004438894258124879, guid: 6d0c3ff5673228f45b97eb9fc129f473,
        type: 3}
      propertyPath: m_LocalRotation.y
      value: -0
      objectReference: {fileID: 0}
    - target: {fileID: 9004438894258124879, guid: 6d0c3ff5673228f45b97eb9fc129f473,
        type: 3}
      propertyPath: m_LocalRotation.z
      value: -0
      objectReference: {fileID: 0}
    m_RemovedComponents: []
  m_SourcePrefab: {fileID: 100100000, guid: 6d0c3ff5673228f45b97eb9fc129f473, type: 3}
--- !u!4 &2549658736095890950 stripped
Transform:
  m_CorrespondingSourceObject: {fileID: 9004438894258124879, guid: 6d0c3ff5673228f45b97eb9fc129f473,
    type: 3}
  m_PrefabInstance: {fileID: 6887134591564445257}
  m_PrefabAsset: {fileID: 0}
--- !u!1001 &7241497781969888723
PrefabInstance:
  m_ObjectHideFlags: 0
  serializedVersion: 2
  m_Modification:
    m_TransformParent: {fileID: 4464061326270266620}
    m_Modifications:
    - target: {fileID: 1229997066636256457, guid: 2cead63fa13ed15428294f3d67e141bc,
        type: 3}
      propertyPath: m_Name
      value: flyBox
      objectReference: {fileID: 0}
    - target: {fileID: 2190488016249019774, guid: 2cead63fa13ed15428294f3d67e141bc,
        type: 3}
      propertyPath: m_RootOrder
      value: 20
      objectReference: {fileID: 0}
    - target: {fileID: 2190488016249019774, guid: 2cead63fa13ed15428294f3d67e141bc,
        type: 3}
      propertyPath: m_LocalPosition.x
      value: 0.29570183
      objectReference: {fileID: 0}
    - target: {fileID: 2190488016249019774, guid: 2cead63fa13ed15428294f3d67e141bc,
        type: 3}
      propertyPath: m_LocalPosition.y
      value: 6.6944523
      objectReference: {fileID: 0}
    - target: {fileID: 2190488016249019774, guid: 2cead63fa13ed15428294f3d67e141bc,
        type: 3}
      propertyPath: m_LocalPosition.z
      value: 1.9902344
      objectReference: {fileID: 0}
    - target: {fileID: 2190488016249019774, guid: 2cead63fa13ed15428294f3d67e141bc,
        type: 3}
      propertyPath: m_LocalRotation.w
      value: 1
      objectReference: {fileID: 0}
    - target: {fileID: 2190488016249019774, guid: 2cead63fa13ed15428294f3d67e141bc,
        type: 3}
      propertyPath: m_LocalRotation.x
      value: -0
      objectReference: {fileID: 0}
    - target: {fileID: 2190488016249019774, guid: 2cead63fa13ed15428294f3d67e141bc,
        type: 3}
      propertyPath: m_LocalRotation.y
      value: -0
      objectReference: {fileID: 0}
    - target: {fileID: 2190488016249019774, guid: 2cead63fa13ed15428294f3d67e141bc,
        type: 3}
      propertyPath: m_LocalRotation.z
      value: -0
      objectReference: {fileID: 0}
    - target: {fileID: 2190488016249019774, guid: 2cead63fa13ed15428294f3d67e141bc,
        type: 3}
      propertyPath: m_LocalEulerAnglesHint.x
      value: 0
      objectReference: {fileID: 0}
    - target: {fileID: 2190488016249019774, guid: 2cead63fa13ed15428294f3d67e141bc,
        type: 3}
      propertyPath: m_LocalEulerAnglesHint.y
      value: 0
      objectReference: {fileID: 0}
    - target: {fileID: 2190488016249019774, guid: 2cead63fa13ed15428294f3d67e141bc,
        type: 3}
      propertyPath: m_LocalEulerAnglesHint.z
      value: 0
      objectReference: {fileID: 0}
    - target: {fileID: 4966807946628884531, guid: 2cead63fa13ed15428294f3d67e141bc,
        type: 3}
      propertyPath: m_RootOrder
      value: 1
      objectReference: {fileID: 0}
    - target: {fileID: 4966807946628884531, guid: 2cead63fa13ed15428294f3d67e141bc,
        type: 3}
      propertyPath: m_LocalPosition.z
      value: 0
      objectReference: {fileID: 0}
    - target: {fileID: 4966807946628884531, guid: 2cead63fa13ed15428294f3d67e141bc,
        type: 3}
      propertyPath: m_AnchoredPosition.x
      value: -0.21
      objectReference: {fileID: 0}
    - target: {fileID: 4966807946628884531, guid: 2cead63fa13ed15428294f3d67e141bc,
        type: 3}
      propertyPath: m_AnchoredPosition.y
      value: 8.65
      objectReference: {fileID: 0}
    m_RemovedComponents: []
  m_SourcePrefab: {fileID: 100100000, guid: 2cead63fa13ed15428294f3d67e141bc, type: 3}
--- !u!224 &2347310396727021024 stripped
RectTransform:
  m_CorrespondingSourceObject: {fileID: 4966807946628884531, guid: 2cead63fa13ed15428294f3d67e141bc,
    type: 3}
  m_PrefabInstance: {fileID: 7241497781969888723}
  m_PrefabAsset: {fileID: 0}
--- !u!1001 &7289785895723618677
PrefabInstance:
  m_ObjectHideFlags: 0
  serializedVersion: 2
  m_Modification:
    m_TransformParent: {fileID: 5342905205481691113}
    m_Modifications:
    - target: {fileID: -7960387879410044486, guid: 6d0c3ff5673228f45b97eb9fc129f473,
        type: 3}
      propertyPath: m_Sprite
      value: 
      objectReference: {fileID: 21300000, guid: d8fb69eb17c6b584abea80d5ba8d574f,
        type: 3}
    - target: {fileID: 9004438894258124879, guid: 6d0c3ff5673228f45b97eb9fc129f473,
        type: 3}
      propertyPath: m_RootOrder
      value: 14
      objectReference: {fileID: 0}
    - target: {fileID: 9004438894258124879, guid: 6d0c3ff5673228f45b97eb9fc129f473,
        type: 3}
      propertyPath: m_LocalScale.x
      value: 0.39999998
      objectReference: {fileID: 0}
    - target: {fileID: 9004438894258124879, guid: 6d0c3ff5673228f45b97eb9fc129f473,
        type: 3}
      propertyPath: m_LocalScale.y
      value: 0.39999998
      objectReference: {fileID: 0}
    - target: {fileID: 9004438894258124879, guid: 6d0c3ff5673228f45b97eb9fc129f473,
        type: 3}
      propertyPath: m_LocalPosition.x
      value: 2.4766288
      objectReference: {fileID: 0}
    - target: {fileID: 9004438894258124879, guid: 6d0c3ff5673228f45b97eb9fc129f473,
        type: 3}
      propertyPath: m_LocalPosition.y
      value: 3.4900002
      objectReference: {fileID: 0}
    - target: {fileID: 9004438894258124879, guid: 6d0c3ff5673228f45b97eb9fc129f473,
        type: 3}
      propertyPath: m_LocalPosition.z
      value: 0
      objectReference: {fileID: 0}
    - target: {fileID: 9004438894258124879, guid: 6d0c3ff5673228f45b97eb9fc129f473,
        type: 3}
      propertyPath: m_LocalRotation.x
      value: -0
      objectReference: {fileID: 0}
    - target: {fileID: 9004438894258124879, guid: 6d0c3ff5673228f45b97eb9fc129f473,
        type: 3}
      propertyPath: m_LocalRotation.y
      value: -0
      objectReference: {fileID: 0}
    - target: {fileID: 9004438894258124879, guid: 6d0c3ff5673228f45b97eb9fc129f473,
        type: 3}
      propertyPath: m_LocalRotation.z
      value: -0
      objectReference: {fileID: 0}
    m_RemovedComponents: []
  m_SourcePrefab: {fileID: 100100000, guid: 6d0c3ff5673228f45b97eb9fc129f473, type: 3}
--- !u!4 &1863563156886202682 stripped
Transform:
  m_CorrespondingSourceObject: {fileID: 9004438894258124879, guid: 6d0c3ff5673228f45b97eb9fc129f473,
    type: 3}
  m_PrefabInstance: {fileID: 7289785895723618677}
  m_PrefabAsset: {fileID: 0}
--- !u!1001 &7790152517951589583
PrefabInstance:
  m_ObjectHideFlags: 0
  serializedVersion: 2
  m_Modification:
    m_TransformParent: {fileID: 4464061326270266620}
    m_Modifications:
    - target: {fileID: 3334195905891502435, guid: 047006563e8e78c41bee11135e6e6bff,
        type: 3}
      propertyPath: m_RootOrder
      value: 2
      objectReference: {fileID: 0}
    - target: {fileID: 3334195905891502435, guid: 047006563e8e78c41bee11135e6e6bff,
        type: 3}
      propertyPath: m_LocalPosition.x
      value: -1.64
      objectReference: {fileID: 0}
    - target: {fileID: 3334195905891502435, guid: 047006563e8e78c41bee11135e6e6bff,
        type: 3}
      propertyPath: m_LocalPosition.y
      value: 1.77
      objectReference: {fileID: 0}
    - target: {fileID: 3334195905891502435, guid: 047006563e8e78c41bee11135e6e6bff,
        type: 3}
      propertyPath: m_LocalPosition.z
      value: 0
      objectReference: {fileID: 0}
    - target: {fileID: 3334195905891502435, guid: 047006563e8e78c41bee11135e6e6bff,
        type: 3}
      propertyPath: m_LocalRotation.w
      value: 1
      objectReference: {fileID: 0}
    - target: {fileID: 3334195905891502435, guid: 047006563e8e78c41bee11135e6e6bff,
        type: 3}
      propertyPath: m_LocalRotation.x
      value: -0
      objectReference: {fileID: 0}
    - target: {fileID: 3334195905891502435, guid: 047006563e8e78c41bee11135e6e6bff,
        type: 3}
      propertyPath: m_LocalRotation.y
      value: -0
      objectReference: {fileID: 0}
    - target: {fileID: 3334195905891502435, guid: 047006563e8e78c41bee11135e6e6bff,
        type: 3}
      propertyPath: m_LocalRotation.z
      value: -0
      objectReference: {fileID: 0}
    - target: {fileID: 3334195905891502435, guid: 047006563e8e78c41bee11135e6e6bff,
        type: 3}
      propertyPath: m_LocalEulerAnglesHint.x
      value: 0
      objectReference: {fileID: 0}
    - target: {fileID: 3334195905891502435, guid: 047006563e8e78c41bee11135e6e6bff,
        type: 3}
      propertyPath: m_LocalEulerAnglesHint.y
      value: 0
      objectReference: {fileID: 0}
    - target: {fileID: 3334195905891502435, guid: 047006563e8e78c41bee11135e6e6bff,
        type: 3}
      propertyPath: m_LocalEulerAnglesHint.z
      value: 0
      objectReference: {fileID: 0}
    - target: {fileID: 6062695465008323817, guid: 047006563e8e78c41bee11135e6e6bff,
        type: 3}
      propertyPath: m_Name
      value: health
      objectReference: {fileID: 0}
    m_RemovedComponents: []
  m_SourcePrefab: {fileID: 100100000, guid: 047006563e8e78c41bee11135e6e6bff, type: 3}
--- !u!4 &4780957973434795436 stripped
Transform:
  m_CorrespondingSourceObject: {fileID: 3334195905891502435, guid: 047006563e8e78c41bee11135e6e6bff,
    type: 3}
  m_PrefabInstance: {fileID: 7790152517951589583}
  m_PrefabAsset: {fileID: 0}
--- !u!1001 &8321085555657032154
PrefabInstance:
  m_ObjectHideFlags: 0
  serializedVersion: 2
  m_Modification:
    m_TransformParent: {fileID: 5342905205481691113}
    m_Modifications:
    - target: {fileID: -7960387879410044486, guid: 6d0c3ff5673228f45b97eb9fc129f473,
        type: 3}
      propertyPath: m_Sprite
      value: 
      objectReference: {fileID: 21300000, guid: d8fb69eb17c6b584abea80d5ba8d574f,
        type: 3}
    - target: {fileID: 9004438894258124879, guid: 6d0c3ff5673228f45b97eb9fc129f473,
        type: 3}
      propertyPath: m_RootOrder
      value: 16
      objectReference: {fileID: 0}
    - target: {fileID: 9004438894258124879, guid: 6d0c3ff5673228f45b97eb9fc129f473,
        type: 3}
      propertyPath: m_LocalScale.x
      value: 0.39999998
      objectReference: {fileID: 0}
    - target: {fileID: 9004438894258124879, guid: 6d0c3ff5673228f45b97eb9fc129f473,
        type: 3}
      propertyPath: m_LocalScale.y
      value: 0.39999998
      objectReference: {fileID: 0}
    - target: {fileID: 9004438894258124879, guid: 6d0c3ff5673228f45b97eb9fc129f473,
        type: 3}
      propertyPath: m_LocalPosition.x
      value: 2.4766288
      objectReference: {fileID: 0}
    - target: {fileID: 9004438894258124879, guid: 6d0c3ff5673228f45b97eb9fc129f473,
        type: 3}
      propertyPath: m_LocalPosition.y
      value: 2.4900002
      objectReference: {fileID: 0}
    - target: {fileID: 9004438894258124879, guid: 6d0c3ff5673228f45b97eb9fc129f473,
        type: 3}
      propertyPath: m_LocalPosition.z
      value: 0
      objectReference: {fileID: 0}
    - target: {fileID: 9004438894258124879, guid: 6d0c3ff5673228f45b97eb9fc129f473,
        type: 3}
      propertyPath: m_LocalRotation.x
      value: -0
      objectReference: {fileID: 0}
    - target: {fileID: 9004438894258124879, guid: 6d0c3ff5673228f45b97eb9fc129f473,
        type: 3}
      propertyPath: m_LocalRotation.y
      value: -0
      objectReference: {fileID: 0}
    - target: {fileID: 9004438894258124879, guid: 6d0c3ff5673228f45b97eb9fc129f473,
        type: 3}
      propertyPath: m_LocalRotation.z
      value: -0
      objectReference: {fileID: 0}
    m_RemovedComponents: []
  m_SourcePrefab: {fileID: 100100000, guid: 6d0c3ff5673228f45b97eb9fc129f473, type: 3}
--- !u!4 &1120374099351517589 stripped
Transform:
  m_CorrespondingSourceObject: {fileID: 9004438894258124879, guid: 6d0c3ff5673228f45b97eb9fc129f473,
    type: 3}
  m_PrefabInstance: {fileID: 8321085555657032154}
  m_PrefabAsset: {fileID: 0}
--- !u!1001 &8434590520688997161
PrefabInstance:
  m_ObjectHideFlags: 0
  serializedVersion: 2
  m_Modification:
    m_TransformParent: {fileID: 5342905205481691113}
    m_Modifications:
    - target: {fileID: -7960387879410044486, guid: 6d0c3ff5673228f45b97eb9fc129f473,
        type: 3}
      propertyPath: m_Sprite
      value: 
      objectReference: {fileID: 21300000, guid: d8fb69eb17c6b584abea80d5ba8d574f,
        type: 3}
    - target: {fileID: 9004438894258124879, guid: 6d0c3ff5673228f45b97eb9fc129f473,
        type: 3}
      propertyPath: m_RootOrder
      value: 19
      objectReference: {fileID: 0}
    - target: {fileID: 9004438894258124879, guid: 6d0c3ff5673228f45b97eb9fc129f473,
        type: 3}
      propertyPath: m_LocalScale.x
      value: 0.39999998
      objectReference: {fileID: 0}
    - target: {fileID: 9004438894258124879, guid: 6d0c3ff5673228f45b97eb9fc129f473,
        type: 3}
      propertyPath: m_LocalScale.y
      value: 0.39999998
      objectReference: {fileID: 0}
    - target: {fileID: 9004438894258124879, guid: 6d0c3ff5673228f45b97eb9fc129f473,
        type: 3}
      propertyPath: m_LocalPosition.x
      value: 2.4766288
      objectReference: {fileID: 0}
    - target: {fileID: 9004438894258124879, guid: 6d0c3ff5673228f45b97eb9fc129f473,
        type: 3}
      propertyPath: m_LocalPosition.y
      value: -0.50999975
      objectReference: {fileID: 0}
    - target: {fileID: 9004438894258124879, guid: 6d0c3ff5673228f45b97eb9fc129f473,
        type: 3}
      propertyPath: m_LocalPosition.z
      value: 0
      objectReference: {fileID: 0}
    - target: {fileID: 9004438894258124879, guid: 6d0c3ff5673228f45b97eb9fc129f473,
        type: 3}
      propertyPath: m_LocalRotation.x
      value: -0
      objectReference: {fileID: 0}
    - target: {fileID: 9004438894258124879, guid: 6d0c3ff5673228f45b97eb9fc129f473,
        type: 3}
      propertyPath: m_LocalRotation.y
      value: -0
      objectReference: {fileID: 0}
    - target: {fileID: 9004438894258124879, guid: 6d0c3ff5673228f45b97eb9fc129f473,
        type: 3}
      propertyPath: m_LocalRotation.z
      value: -0
      objectReference: {fileID: 0}
    m_RemovedComponents: []
  m_SourcePrefab: {fileID: 100100000, guid: 6d0c3ff5673228f45b97eb9fc129f473, type: 3}
--- !u!4 &719342376891190118 stripped
Transform:
  m_CorrespondingSourceObject: {fileID: 9004438894258124879, guid: 6d0c3ff5673228f45b97eb9fc129f473,
    type: 3}
  m_PrefabInstance: {fileID: 8434590520688997161}
  m_PrefabAsset: {fileID: 0}
