%YAML 1.1
%TAG !u! tag:unity3d.com,2011:
--- !u!1 &6405326221853208378
GameObject:
  m_ObjectHideFlags: 0
  m_CorrespondingSourceObject: {fileID: 0}
  m_PrefabInstance: {fileID: 0}
  m_PrefabAsset: {fileID: 0}
  serializedVersion: 6
  m_Component:
  - component: {fileID: 4464061326270266620}
  - component: {fileID: 5884001531417683553}
  m_Layer: 0
  m_Name: StarLocation
  m_TagString: Untagged
  m_Icon: {fileID: 0}
  m_NavMeshLayer: 0
  m_StaticEditorFlags: 0
  m_IsActive: 1
--- !u!4 &4464061326270266620
Transform:
  m_ObjectHideFlags: 0
  m_CorrespondingSourceObject: {fileID: 0}
  m_PrefabInstance: {fileID: 0}
  m_PrefabAsset: {fileID: 0}
  m_GameObject: {fileID: 6405326221853208378}
  m_LocalRotation: {x: 0, y: 0, z: 0, w: 1}
  m_LocalPosition: {x: 0, y: 0, z: 0}
  m_LocalScale: {x: 1, y: 1, z: 1}
  m_Children:
  - {fileID: 7211718187802884083}
  - {fileID: 1503516674256349475}
  m_Father: {fileID: 0}
  m_RootOrder: 0
  m_LocalEulerAnglesHint: {x: 0, y: 0, z: 0}
--- !u!114 &5884001531417683553
MonoBehaviour:
  m_ObjectHideFlags: 0
  m_CorrespondingSourceObject: {fileID: 0}
  m_PrefabInstance: {fileID: 0}
  m_PrefabAsset: {fileID: 0}
  m_GameObject: {fileID: 6405326221853208378}
  m_Enabled: 1
  m_EditorHideFlags: 0
  m_Script: {fileID: 11500000, guid: b23a85c3111ec044791338c14e7f6fa9, type: 3}
  m_Name: 
  m_EditorClassIdentifier: 
  speed: 0
--- !u!1 &7838977774820627888
GameObject:
  m_ObjectHideFlags: 0
  m_CorrespondingSourceObject: {fileID: 0}
  m_PrefabInstance: {fileID: 0}
  m_PrefabAsset: {fileID: 0}
  serializedVersion: 6
  m_Component:
  - component: {fileID: 7211718187802884083}
  m_Layer: 0
  m_Name: Block
  m_TagString: Untagged
  m_Icon: {fileID: 0}
  m_NavMeshLayer: 0
  m_StaticEditorFlags: 0
  m_IsActive: 1
--- !u!4 &7211718187802884083
Transform:
  m_ObjectHideFlags: 0
  m_CorrespondingSourceObject: {fileID: 0}
  m_PrefabInstance: {fileID: 0}
  m_PrefabAsset: {fileID: 0}
  m_GameObject: {fileID: 7838977774820627888}
  m_LocalRotation: {x: -0, y: -0, z: -0, w: 1}
  m_LocalPosition: {x: 0, y: 0, z: 0}
  m_LocalScale: {x: 1, y: 1, z: 1}
  m_Children:
  - {fileID: 8674047019588455999}
  - {fileID: 5122253806822658576}
  - {fileID: 8798468037158961267}
  - {fileID: 7387289325849874363}
  - {fileID: 9030777358456807041}
  - {fileID: 2154377155506301346}
  - {fileID: 7280979444943193253}
  - {fileID: 7399676301851070080}
  - {fileID: 4634833177931353298}
  - {fileID: 2763154606265961045}
  - {fileID: 6927794445956429556}
  - {fileID: 6607109453989266658}
  - {fileID: 5923161124696177508}
  - {fileID: 4530937268607692659}
  - {fileID: 2226858488168720565}
  - {fileID: 6503509201990967244}
  - {fileID: 7767335607325550897}
  - {fileID: 8330126106230101606}
  - {fileID: 8588545038320406634}
  - {fileID: 4136744521629222717}
  - {fileID: 3802415392432423883}
  - {fileID: 1371290797496893080}
  - {fileID: 1641992555881441925}
  - {fileID: 2486344625489967289}
  - {fileID: 3967631862897719912}
  - {fileID: 2141204258518510645}
  m_Father: {fileID: 4464061326270266620}
  m_RootOrder: 0
  m_LocalEulerAnglesHint: {x: 0, y: 0, z: 0}
--- !u!1001 &118770751108163278
PrefabInstance:
  m_ObjectHideFlags: 0
  serializedVersion: 2
  m_Modification:
    m_TransformParent: {fileID: 7211718187802884083}
    m_Modifications:
    - target: {fileID: -7960387879410044486, guid: 6d0c3ff5673228f45b97eb9fc129f473,
        type: 3}
      propertyPath: m_Sprite
      value: 
      objectReference: {fileID: 21300000, guid: d8fb69eb17c6b584abea80d5ba8d574f,
        type: 3}
    - target: {fileID: 4240628950657619940, guid: 6d0c3ff5673228f45b97eb9fc129f473,
        type: 3}
      propertyPath: m_Name
      value: block (4)
      objectReference: {fileID: 0}
    - target: {fileID: 9004438894258124879, guid: 6d0c3ff5673228f45b97eb9fc129f473,
        type: 3}
      propertyPath: m_RootOrder
      value: 4
      objectReference: {fileID: 0}
    - target: {fileID: 9004438894258124879, guid: 6d0c3ff5673228f45b97eb9fc129f473,
        type: 3}
      propertyPath: m_LocalPosition.x
      value: -2.492
      objectReference: {fileID: 0}
    - target: {fileID: 9004438894258124879, guid: 6d0c3ff5673228f45b97eb9fc129f473,
        type: 3}
      propertyPath: m_LocalPosition.y
      value: 0.487185
      objectReference: {fileID: 0}
    - target: {fileID: 9004438894258124879, guid: 6d0c3ff5673228f45b97eb9fc129f473,
        type: 3}
      propertyPath: m_LocalPosition.z
      value: 0
      objectReference: {fileID: 0}
    - target: {fileID: 9004438894258124879, guid: 6d0c3ff5673228f45b97eb9fc129f473,
        type: 3}
      propertyPath: m_LocalRotation.w
      value: 1
      objectReference: {fileID: 0}
    - target: {fileID: 9004438894258124879, guid: 6d0c3ff5673228f45b97eb9fc129f473,
        type: 3}
      propertyPath: m_LocalRotation.x
      value: -0
      objectReference: {fileID: 0}
    - target: {fileID: 9004438894258124879, guid: 6d0c3ff5673228f45b97eb9fc129f473,
        type: 3}
      propertyPath: m_LocalRotation.y
      value: -0
      objectReference: {fileID: 0}
    - target: {fileID: 9004438894258124879, guid: 6d0c3ff5673228f45b97eb9fc129f473,
        type: 3}
      propertyPath: m_LocalRotation.z
      value: -0
      objectReference: {fileID: 0}
    - target: {fileID: 9004438894258124879, guid: 6d0c3ff5673228f45b97eb9fc129f473,
        type: 3}
      propertyPath: m_LocalEulerAnglesHint.x
      value: 0
      objectReference: {fileID: 0}
    - target: {fileID: 9004438894258124879, guid: 6d0c3ff5673228f45b97eb9fc129f473,
        type: 3}
      propertyPath: m_LocalEulerAnglesHint.y
      value: 0
      objectReference: {fileID: 0}
    - target: {fileID: 9004438894258124879, guid: 6d0c3ff5673228f45b97eb9fc129f473,
        type: 3}
      propertyPath: m_LocalEulerAnglesHint.z
      value: 0
      objectReference: {fileID: 0}
    m_RemovedComponents: []
  m_SourcePrefab: {fileID: 100100000, guid: 6d0c3ff5673228f45b97eb9fc129f473, type: 3}
--- !u!4 &9030777358456807041 stripped
Transform:
  m_CorrespondingSourceObject: {fileID: 9004438894258124879, guid: 6d0c3ff5673228f45b97eb9fc129f473,
    type: 3}
  m_PrefabInstance: {fileID: 118770751108163278}
  m_PrefabAsset: {fileID: 0}
--- !u!1001 &330546978891789936
PrefabInstance:
  m_ObjectHideFlags: 0
  serializedVersion: 2
  m_Modification:
    m_TransformParent: {fileID: 7211718187802884083}
    m_Modifications:
    - target: {fileID: -7960387879410044486, guid: 6d0c3ff5673228f45b97eb9fc129f473,
        type: 3}
      propertyPath: m_Sprite
      value: 
      objectReference: {fileID: 21300000, guid: d8fb69eb17c6b584abea80d5ba8d574f,
        type: 3}
    - target: {fileID: 4240628950657619940, guid: 6d0c3ff5673228f45b97eb9fc129f473,
        type: 3}
      propertyPath: m_Name
      value: block
      objectReference: {fileID: 0}
    - target: {fileID: 9004438894258124879, guid: 6d0c3ff5673228f45b97eb9fc129f473,
        type: 3}
      propertyPath: m_RootOrder
      value: 0
      objectReference: {fileID: 0}
    - target: {fileID: 9004438894258124879, guid: 6d0c3ff5673228f45b97eb9fc129f473,
        type: 3}
      propertyPath: m_LocalPosition.x
      value: -2.492
      objectReference: {fileID: 0}
    - target: {fileID: 9004438894258124879, guid: 6d0c3ff5673228f45b97eb9fc129f473,
        type: 3}
      propertyPath: m_LocalPosition.y
      value: 4.487185
      objectReference: {fileID: 0}
    - target: {fileID: 9004438894258124879, guid: 6d0c3ff5673228f45b97eb9fc129f473,
        type: 3}
      propertyPath: m_LocalPosition.z
      value: 0
      objectReference: {fileID: 0}
    - target: {fileID: 9004438894258124879, guid: 6d0c3ff5673228f45b97eb9fc129f473,
        type: 3}
      propertyPath: m_LocalRotation.w
      value: 1
      objectReference: {fileID: 0}
    - target: {fileID: 9004438894258124879, guid: 6d0c3ff5673228f45b97eb9fc129f473,
        type: 3}
      propertyPath: m_LocalRotation.x
      value: -0
      objectReference: {fileID: 0}
    - target: {fileID: 9004438894258124879, guid: 6d0c3ff5673228f45b97eb9fc129f473,
        type: 3}
      propertyPath: m_LocalRotation.y
      value: -0
      objectReference: {fileID: 0}
    - target: {fileID: 9004438894258124879, guid: 6d0c3ff5673228f45b97eb9fc129f473,
        type: 3}
      propertyPath: m_LocalRotation.z
      value: -0
      objectReference: {fileID: 0}
    - target: {fileID: 9004438894258124879, guid: 6d0c3ff5673228f45b97eb9fc129f473,
        type: 3}
      propertyPath: m_LocalEulerAnglesHint.x
      value: 0
      objectReference: {fileID: 0}
    - target: {fileID: 9004438894258124879, guid: 6d0c3ff5673228f45b97eb9fc129f473,
        type: 3}
      propertyPath: m_LocalEulerAnglesHint.y
      value: 0
      objectReference: {fileID: 0}
    - target: {fileID: 9004438894258124879, guid: 6d0c3ff5673228f45b97eb9fc129f473,
        type: 3}
      propertyPath: m_LocalEulerAnglesHint.z
      value: 0
      objectReference: {fileID: 0}
    m_RemovedComponents: []
  m_SourcePrefab: {fileID: 100100000, guid: 6d0c3ff5673228f45b97eb9fc129f473, type: 3}
--- !u!4 &8674047019588455999 stripped
Transform:
  m_CorrespondingSourceObject: {fileID: 9004438894258124879, guid: 6d0c3ff5673228f45b97eb9fc129f473,
    type: 3}
  m_PrefabInstance: {fileID: 330546978891789936}
  m_PrefabAsset: {fileID: 0}
--- !u!1001 &498845570434758716
PrefabInstance:
  m_ObjectHideFlags: 0
  serializedVersion: 2
  m_Modification:
    m_TransformParent: {fileID: 7211718187802884083}
    m_Modifications:
    - target: {fileID: -7960387879410044486, guid: 6d0c3ff5673228f45b97eb9fc129f473,
        type: 3}
      propertyPath: m_Sprite
      value: 
      objectReference: {fileID: 21300000, guid: d8fb69eb17c6b584abea80d5ba8d574f,
        type: 3}
    - target: {fileID: 4240628950657619940, guid: 6d0c3ff5673228f45b97eb9fc129f473,
        type: 3}
      propertyPath: m_Name
      value: block (2)
      objectReference: {fileID: 0}
    - target: {fileID: 9004438894258124879, guid: 6d0c3ff5673228f45b97eb9fc129f473,
        type: 3}
      propertyPath: m_RootOrder
      value: 2
      objectReference: {fileID: 0}
    - target: {fileID: 9004438894258124879, guid: 6d0c3ff5673228f45b97eb9fc129f473,
        type: 3}
      propertyPath: m_LocalPosition.x
      value: -2.492
      objectReference: {fileID: 0}
    - target: {fileID: 9004438894258124879, guid: 6d0c3ff5673228f45b97eb9fc129f473,
        type: 3}
      propertyPath: m_LocalPosition.y
      value: 2.4900002
      objectReference: {fileID: 0}
    - target: {fileID: 9004438894258124879, guid: 6d0c3ff5673228f45b97eb9fc129f473,
        type: 3}
      propertyPath: m_LocalPosition.z
      value: 0
      objectReference: {fileID: 0}
    - target: {fileID: 9004438894258124879, guid: 6d0c3ff5673228f45b97eb9fc129f473,
        type: 3}
      propertyPath: m_LocalRotation.w
      value: 1
      objectReference: {fileID: 0}
    - target: {fileID: 9004438894258124879, guid: 6d0c3ff5673228f45b97eb9fc129f473,
        type: 3}
      propertyPath: m_LocalRotation.x
      value: -0
      objectReference: {fileID: 0}
    - target: {fileID: 9004438894258124879, guid: 6d0c3ff5673228f45b97eb9fc129f473,
        type: 3}
      propertyPath: m_LocalRotation.y
      value: -0
      objectReference: {fileID: 0}
    - target: {fileID: 9004438894258124879, guid: 6d0c3ff5673228f45b97eb9fc129f473,
        type: 3}
      propertyPath: m_LocalRotation.z
      value: -0
      objectReference: {fileID: 0}
    - target: {fileID: 9004438894258124879, guid: 6d0c3ff5673228f45b97eb9fc129f473,
        type: 3}
      propertyPath: m_LocalEulerAnglesHint.x
      value: 0
      objectReference: {fileID: 0}
    - target: {fileID: 9004438894258124879, guid: 6d0c3ff5673228f45b97eb9fc129f473,
        type: 3}
      propertyPath: m_LocalEulerAnglesHint.y
      value: 0
      objectReference: {fileID: 0}
    - target: {fileID: 9004438894258124879, guid: 6d0c3ff5673228f45b97eb9fc129f473,
        type: 3}
      propertyPath: m_LocalEulerAnglesHint.z
      value: 0
      objectReference: {fileID: 0}
    m_RemovedComponents: []
  m_SourcePrefab: {fileID: 100100000, guid: 6d0c3ff5673228f45b97eb9fc129f473, type: 3}
--- !u!4 &8798468037158961267 stripped
Transform:
  m_CorrespondingSourceObject: {fileID: 9004438894258124879, guid: 6d0c3ff5673228f45b97eb9fc129f473,
    type: 3}
  m_PrefabInstance: {fileID: 498845570434758716}
  m_PrefabAsset: {fileID: 0}
--- !u!1001 &848529691303176229
PrefabInstance:
  m_ObjectHideFlags: 0
  serializedVersion: 2
  m_Modification:
    m_TransformParent: {fileID: 7211718187802884083}
    m_Modifications:
    - target: {fileID: -7960387879410044486, guid: 6d0c3ff5673228f45b97eb9fc129f473,
        type: 3}
      propertyPath: m_Sprite
      value: 
      objectReference: {fileID: 21300000, guid: d8fb69eb17c6b584abea80d5ba8d574f,
        type: 3}
    - target: {fileID: 4240628950657619940, guid: 6d0c3ff5673228f45b97eb9fc129f473,
        type: 3}
      propertyPath: m_Name
      value: block (19)
      objectReference: {fileID: 0}
    - target: {fileID: 9004438894258124879, guid: 6d0c3ff5673228f45b97eb9fc129f473,
        type: 3}
      propertyPath: m_RootOrder
      value: 18
      objectReference: {fileID: 0}
    - target: {fileID: 9004438894258124879, guid: 6d0c3ff5673228f45b97eb9fc129f473,
        type: 3}
      propertyPath: m_LocalPosition.x
      value: 2.4766288
      objectReference: {fileID: 0}
    - target: {fileID: 9004438894258124879, guid: 6d0c3ff5673228f45b97eb9fc129f473,
        type: 3}
      propertyPath: m_LocalPosition.y
      value: -4.507185
      objectReference: {fileID: 0}
    - target: {fileID: 9004438894258124879, guid: 6d0c3ff5673228f45b97eb9fc129f473,
        type: 3}
      propertyPath: m_LocalPosition.z
      value: 0
      objectReference: {fileID: 0}
    - target: {fileID: 9004438894258124879, guid: 6d0c3ff5673228f45b97eb9fc129f473,
        type: 3}
      propertyPath: m_LocalRotation.w
      value: 1
      objectReference: {fileID: 0}
    - target: {fileID: 9004438894258124879, guid: 6d0c3ff5673228f45b97eb9fc129f473,
        type: 3}
      propertyPath: m_LocalRotation.x
      value: -0
      objectReference: {fileID: 0}
    - target: {fileID: 9004438894258124879, guid: 6d0c3ff5673228f45b97eb9fc129f473,
        type: 3}
      propertyPath: m_LocalRotation.y
      value: -0
      objectReference: {fileID: 0}
    - target: {fileID: 9004438894258124879, guid: 6d0c3ff5673228f45b97eb9fc129f473,
        type: 3}
      propertyPath: m_LocalRotation.z
      value: -0
      objectReference: {fileID: 0}
    - target: {fileID: 9004438894258124879, guid: 6d0c3ff5673228f45b97eb9fc129f473,
        type: 3}
      propertyPath: m_LocalEulerAnglesHint.x
      value: 0
      objectReference: {fileID: 0}
    - target: {fileID: 9004438894258124879, guid: 6d0c3ff5673228f45b97eb9fc129f473,
        type: 3}
      propertyPath: m_LocalEulerAnglesHint.y
      value: 0
      objectReference: {fileID: 0}
    - target: {fileID: 9004438894258124879, guid: 6d0c3ff5673228f45b97eb9fc129f473,
        type: 3}
      propertyPath: m_LocalEulerAnglesHint.z
      value: 0
      objectReference: {fileID: 0}
    m_RemovedComponents: []
  m_SourcePrefab: {fileID: 100100000, guid: 6d0c3ff5673228f45b97eb9fc129f473, type: 3}
--- !u!4 &8588545038320406634 stripped
Transform:
  m_CorrespondingSourceObject: {fileID: 9004438894258124879, guid: 6d0c3ff5673228f45b97eb9fc129f473,
    type: 3}
  m_PrefabInstance: {fileID: 848529691303176229}
  m_PrefabAsset: {fileID: 0}
--- !u!1001 &1111470983370960425
PrefabInstance:
  m_ObjectHideFlags: 0
  serializedVersion: 2
  m_Modification:
    m_TransformParent: {fileID: 7211718187802884083}
    m_Modifications:
    - target: {fileID: -7960387879410044486, guid: 6d0c3ff5673228f45b97eb9fc129f473,
        type: 3}
      propertyPath: m_Sprite
      value: 
      objectReference: {fileID: 21300000, guid: d8fb69eb17c6b584abea80d5ba8d574f,
        type: 3}
    - target: {fileID: 4240628950657619940, guid: 6d0c3ff5673228f45b97eb9fc129f473,
        type: 3}
      propertyPath: m_Name
      value: block (14)
      objectReference: {fileID: 0}
    - target: {fileID: 9004438894258124879, guid: 6d0c3ff5673228f45b97eb9fc129f473,
        type: 3}
      propertyPath: m_RootOrder
      value: 17
      objectReference: {fileID: 0}
    - target: {fileID: 9004438894258124879, guid: 6d0c3ff5673228f45b97eb9fc129f473,
        type: 3}
      propertyPath: m_LocalPosition.x
      value: 2.4766288
      objectReference: {fileID: 0}
    - target: {fileID: 9004438894258124879, guid: 6d0c3ff5673228f45b97eb9fc129f473,
        type: 3}
      propertyPath: m_LocalPosition.y
      value: 0.487185
      objectReference: {fileID: 0}
    - target: {fileID: 9004438894258124879, guid: 6d0c3ff5673228f45b97eb9fc129f473,
        type: 3}
      propertyPath: m_LocalPosition.z
      value: 0
      objectReference: {fileID: 0}
    - target: {fileID: 9004438894258124879, guid: 6d0c3ff5673228f45b97eb9fc129f473,
        type: 3}
      propertyPath: m_LocalRotation.w
      value: 1
      objectReference: {fileID: 0}
    - target: {fileID: 9004438894258124879, guid: 6d0c3ff5673228f45b97eb9fc129f473,
        type: 3}
      propertyPath: m_LocalRotation.x
      value: -0
      objectReference: {fileID: 0}
    - target: {fileID: 9004438894258124879, guid: 6d0c3ff5673228f45b97eb9fc129f473,
        type: 3}
      propertyPath: m_LocalRotation.y
      value: -0
      objectReference: {fileID: 0}
    - target: {fileID: 9004438894258124879, guid: 6d0c3ff5673228f45b97eb9fc129f473,
        type: 3}
      propertyPath: m_LocalRotation.z
      value: -0
      objectReference: {fileID: 0}
    - target: {fileID: 9004438894258124879, guid: 6d0c3ff5673228f45b97eb9fc129f473,
        type: 3}
      propertyPath: m_LocalEulerAnglesHint.x
      value: 0
      objectReference: {fileID: 0}
    - target: {fileID: 9004438894258124879, guid: 6d0c3ff5673228f45b97eb9fc129f473,
        type: 3}
      propertyPath: m_LocalEulerAnglesHint.y
      value: 0
      objectReference: {fileID: 0}
    - target: {fileID: 9004438894258124879, guid: 6d0c3ff5673228f45b97eb9fc129f473,
        type: 3}
      propertyPath: m_LocalEulerAnglesHint.z
      value: 0
      objectReference: {fileID: 0}
    m_RemovedComponents: []
  m_SourcePrefab: {fileID: 100100000, guid: 6d0c3ff5673228f45b97eb9fc129f473, type: 3}
--- !u!4 &8330126106230101606 stripped
Transform:
  m_CorrespondingSourceObject: {fileID: 9004438894258124879, guid: 6d0c3ff5673228f45b97eb9fc129f473,
    type: 3}
  m_PrefabInstance: {fileID: 1111470983370960425}
  m_PrefabAsset: {fileID: 0}
--- !u!1001 &1674547290873172350
PrefabInstance:
  m_ObjectHideFlags: 0
  serializedVersion: 2
  m_Modification:
    m_TransformParent: {fileID: 7211718187802884083}
    m_Modifications:
    - target: {fileID: -7960387879410044486, guid: 6d0c3ff5673228f45b97eb9fc129f473,
        type: 3}
      propertyPath: m_Sprite
      value: 
      objectReference: {fileID: 21300000, guid: d8fb69eb17c6b584abea80d5ba8d574f,
        type: 3}
    - target: {fileID: 4240628950657619940, guid: 6d0c3ff5673228f45b97eb9fc129f473,
        type: 3}
      propertyPath: m_Name
      value: block (15)
      objectReference: {fileID: 0}
    - target: {fileID: 9004438894258124879, guid: 6d0c3ff5673228f45b97eb9fc129f473,
        type: 3}
      propertyPath: m_RootOrder
      value: 16
      objectReference: {fileID: 0}
    - target: {fileID: 9004438894258124879, guid: 6d0c3ff5673228f45b97eb9fc129f473,
        type: 3}
      propertyPath: m_LocalPosition.x
      value: 2.4766288
      objectReference: {fileID: 0}
    - target: {fileID: 9004438894258124879, guid: 6d0c3ff5673228f45b97eb9fc129f473,
        type: 3}
      propertyPath: m_LocalPosition.y
      value: -0.50999975
      objectReference: {fileID: 0}
    - target: {fileID: 9004438894258124879, guid: 6d0c3ff5673228f45b97eb9fc129f473,
        type: 3}
      propertyPath: m_LocalPosition.z
      value: 0
      objectReference: {fileID: 0}
    - target: {fileID: 9004438894258124879, guid: 6d0c3ff5673228f45b97eb9fc129f473,
        type: 3}
      propertyPath: m_LocalRotation.w
      value: 1
      objectReference: {fileID: 0}
    - target: {fileID: 9004438894258124879, guid: 6d0c3ff5673228f45b97eb9fc129f473,
        type: 3}
      propertyPath: m_LocalRotation.x
      value: -0
      objectReference: {fileID: 0}
    - target: {fileID: 9004438894258124879, guid: 6d0c3ff5673228f45b97eb9fc129f473,
        type: 3}
      propertyPath: m_LocalRotation.y
      value: -0
      objectReference: {fileID: 0}
    - target: {fileID: 9004438894258124879, guid: 6d0c3ff5673228f45b97eb9fc129f473,
        type: 3}
      propertyPath: m_LocalRotation.z
      value: -0
      objectReference: {fileID: 0}
    - target: {fileID: 9004438894258124879, guid: 6d0c3ff5673228f45b97eb9fc129f473,
        type: 3}
      propertyPath: m_LocalEulerAnglesHint.x
      value: 0
      objectReference: {fileID: 0}
    - target: {fileID: 9004438894258124879, guid: 6d0c3ff5673228f45b97eb9fc129f473,
        type: 3}
      propertyPath: m_LocalEulerAnglesHint.y
      value: 0
      objectReference: {fileID: 0}
    - target: {fileID: 9004438894258124879, guid: 6d0c3ff5673228f45b97eb9fc129f473,
        type: 3}
      propertyPath: m_LocalEulerAnglesHint.z
      value: 0
      objectReference: {fileID: 0}
    m_RemovedComponents: []
  m_SourcePrefab: {fileID: 100100000, guid: 6d0c3ff5673228f45b97eb9fc129f473, type: 3}
--- !u!4 &7767335607325550897 stripped
Transform:
  m_CorrespondingSourceObject: {fileID: 9004438894258124879, guid: 6d0c3ff5673228f45b97eb9fc129f473,
    type: 3}
  m_PrefabInstance: {fileID: 1674547290873172350}
  m_PrefabAsset: {fileID: 0}
--- !u!1001 &1872667648265157866
PrefabInstance:
  m_ObjectHideFlags: 0
  serializedVersion: 2
  m_Modification:
    m_TransformParent: {fileID: 7211718187802884083}
    m_Modifications:
    - target: {fileID: -7960387879410044486, guid: 6d0c3ff5673228f45b97eb9fc129f473,
        type: 3}
      propertyPath: m_Sprite
      value: 
      objectReference: {fileID: 21300000, guid: d8fb69eb17c6b584abea80d5ba8d574f,
        type: 3}
    - target: {fileID: 4240628950657619940, guid: 6d0c3ff5673228f45b97eb9fc129f473,
        type: 3}
      propertyPath: m_Name
      value: block (7)
      objectReference: {fileID: 0}
    - target: {fileID: 9004438894258124879, guid: 6d0c3ff5673228f45b97eb9fc129f473,
        type: 3}
      propertyPath: m_RootOrder
      value: 6
      objectReference: {fileID: 0}
    - target: {fileID: 9004438894258124879, guid: 6d0c3ff5673228f45b97eb9fc129f473,
        type: 3}
      propertyPath: m_LocalPosition.x
      value: -2.492
      objectReference: {fileID: 0}
    - target: {fileID: 9004438894258124879, guid: 6d0c3ff5673228f45b97eb9fc129f473,
        type: 3}
      propertyPath: m_LocalPosition.y
      value: -2.5071847
      objectReference: {fileID: 0}
    - target: {fileID: 9004438894258124879, guid: 6d0c3ff5673228f45b97eb9fc129f473,
        type: 3}
      propertyPath: m_LocalPosition.z
      value: 0
      objectReference: {fileID: 0}
    - target: {fileID: 9004438894258124879, guid: 6d0c3ff5673228f45b97eb9fc129f473,
        type: 3}
      propertyPath: m_LocalRotation.w
      value: 1
      objectReference: {fileID: 0}
    - target: {fileID: 9004438894258124879, guid: 6d0c3ff5673228f45b97eb9fc129f473,
        type: 3}
      propertyPath: m_LocalRotation.x
      value: -0
      objectReference: {fileID: 0}
    - target: {fileID: 9004438894258124879, guid: 6d0c3ff5673228f45b97eb9fc129f473,
        type: 3}
      propertyPath: m_LocalRotation.y
      value: -0
      objectReference: {fileID: 0}
    - target: {fileID: 9004438894258124879, guid: 6d0c3ff5673228f45b97eb9fc129f473,
        type: 3}
      propertyPath: m_LocalRotation.z
      value: -0
      objectReference: {fileID: 0}
    - target: {fileID: 9004438894258124879, guid: 6d0c3ff5673228f45b97eb9fc129f473,
        type: 3}
      propertyPath: m_LocalEulerAnglesHint.x
      value: 0
      objectReference: {fileID: 0}
    - target: {fileID: 9004438894258124879, guid: 6d0c3ff5673228f45b97eb9fc129f473,
        type: 3}
      propertyPath: m_LocalEulerAnglesHint.y
      value: 0
      objectReference: {fileID: 0}
    - target: {fileID: 9004438894258124879, guid: 6d0c3ff5673228f45b97eb9fc129f473,
        type: 3}
      propertyPath: m_LocalEulerAnglesHint.z
      value: 0
      objectReference: {fileID: 0}
    m_RemovedComponents: []
  m_SourcePrefab: {fileID: 100100000, guid: 6d0c3ff5673228f45b97eb9fc129f473, type: 3}
--- !u!4 &7280979444943193253 stripped
Transform:
  m_CorrespondingSourceObject: {fileID: 9004438894258124879, guid: 6d0c3ff5673228f45b97eb9fc129f473,
    type: 3}
  m_PrefabInstance: {fileID: 1872667648265157866}
  m_PrefabAsset: {fileID: 0}
--- !u!1001 &1893445967349479119
PrefabInstance:
  m_ObjectHideFlags: 0
  serializedVersion: 2
  m_Modification:
    m_TransformParent: {fileID: 7211718187802884083}
    m_Modifications:
    - target: {fileID: -7960387879410044486, guid: 6d0c3ff5673228f45b97eb9fc129f473,
        type: 3}
      propertyPath: m_Sprite
      value: 
      objectReference: {fileID: 21300000, guid: d8fb69eb17c6b584abea80d5ba8d574f,
        type: 3}
    - target: {fileID: 4240628950657619940, guid: 6d0c3ff5673228f45b97eb9fc129f473,
        type: 3}
      propertyPath: m_Name
      value: block (6)
      objectReference: {fileID: 0}
    - target: {fileID: 9004438894258124879, guid: 6d0c3ff5673228f45b97eb9fc129f473,
        type: 3}
      propertyPath: m_RootOrder
      value: 7
      objectReference: {fileID: 0}
    - target: {fileID: 9004438894258124879, guid: 6d0c3ff5673228f45b97eb9fc129f473,
        type: 3}
      propertyPath: m_LocalPosition.x
      value: -2.492
      objectReference: {fileID: 0}
    - target: {fileID: 9004438894258124879, guid: 6d0c3ff5673228f45b97eb9fc129f473,
        type: 3}
      propertyPath: m_LocalPosition.y
      value: -1.5099998
      objectReference: {fileID: 0}
    - target: {fileID: 9004438894258124879, guid: 6d0c3ff5673228f45b97eb9fc129f473,
        type: 3}
      propertyPath: m_LocalPosition.z
      value: 0
      objectReference: {fileID: 0}
    - target: {fileID: 9004438894258124879, guid: 6d0c3ff5673228f45b97eb9fc129f473,
        type: 3}
      propertyPath: m_LocalRotation.w
      value: 1
      objectReference: {fileID: 0}
    - target: {fileID: 9004438894258124879, guid: 6d0c3ff5673228f45b97eb9fc129f473,
        type: 3}
      propertyPath: m_LocalRotation.x
      value: -0
      objectReference: {fileID: 0}
    - target: {fileID: 9004438894258124879, guid: 6d0c3ff5673228f45b97eb9fc129f473,
        type: 3}
      propertyPath: m_LocalRotation.y
      value: -0
      objectReference: {fileID: 0}
    - target: {fileID: 9004438894258124879, guid: 6d0c3ff5673228f45b97eb9fc129f473,
        type: 3}
      propertyPath: m_LocalRotation.z
      value: -0
      objectReference: {fileID: 0}
    - target: {fileID: 9004438894258124879, guid: 6d0c3ff5673228f45b97eb9fc129f473,
        type: 3}
      propertyPath: m_LocalEulerAnglesHint.x
      value: 0
      objectReference: {fileID: 0}
    - target: {fileID: 9004438894258124879, guid: 6d0c3ff5673228f45b97eb9fc129f473,
        type: 3}
      propertyPath: m_LocalEulerAnglesHint.y
      value: 0
      objectReference: {fileID: 0}
    - target: {fileID: 9004438894258124879, guid: 6d0c3ff5673228f45b97eb9fc129f473,
        type: 3}
      propertyPath: m_LocalEulerAnglesHint.z
      value: 0
      objectReference: {fileID: 0}
    m_RemovedComponents: []
  m_SourcePrefab: {fileID: 100100000, guid: 6d0c3ff5673228f45b97eb9fc129f473, type: 3}
--- !u!4 &7399676301851070080 stripped
Transform:
  m_CorrespondingSourceObject: {fileID: 9004438894258124879, guid: 6d0c3ff5673228f45b97eb9fc129f473,
    type: 3}
  m_PrefabInstance: {fileID: 1893445967349479119}
  m_PrefabAsset: {fileID: 0}
--- !u!1001 &1905829649110693876
PrefabInstance:
  m_ObjectHideFlags: 0
  serializedVersion: 2
  m_Modification:
    m_TransformParent: {fileID: 7211718187802884083}
    m_Modifications:
    - target: {fileID: -7960387879410044486, guid: 6d0c3ff5673228f45b97eb9fc129f473,
        type: 3}
      propertyPath: m_Sprite
      value: 
      objectReference: {fileID: 21300000, guid: d8fb69eb17c6b584abea80d5ba8d574f,
        type: 3}
    - target: {fileID: 4240628950657619940, guid: 6d0c3ff5673228f45b97eb9fc129f473,
        type: 3}
      propertyPath: m_Name
      value: block (3)
      objectReference: {fileID: 0}
    - target: {fileID: 9004438894258124879, guid: 6d0c3ff5673228f45b97eb9fc129f473,
        type: 3}
      propertyPath: m_RootOrder
      value: 3
      objectReference: {fileID: 0}
    - target: {fileID: 9004438894258124879, guid: 6d0c3ff5673228f45b97eb9fc129f473,
        type: 3}
      propertyPath: m_LocalPosition.x
      value: -2.492
      objectReference: {fileID: 0}
    - target: {fileID: 9004438894258124879, guid: 6d0c3ff5673228f45b97eb9fc129f473,
        type: 3}
      propertyPath: m_LocalPosition.y
      value: 1.4928155
      objectReference: {fileID: 0}
    - target: {fileID: 9004438894258124879, guid: 6d0c3ff5673228f45b97eb9fc129f473,
        type: 3}
      propertyPath: m_LocalPosition.z
      value: 0
      objectReference: {fileID: 0}
    - target: {fileID: 9004438894258124879, guid: 6d0c3ff5673228f45b97eb9fc129f473,
        type: 3}
      propertyPath: m_LocalRotation.w
      value: 1
      objectReference: {fileID: 0}
    - target: {fileID: 9004438894258124879, guid: 6d0c3ff5673228f45b97eb9fc129f473,
        type: 3}
      propertyPath: m_LocalRotation.x
      value: -0
      objectReference: {fileID: 0}
    - target: {fileID: 9004438894258124879, guid: 6d0c3ff5673228f45b97eb9fc129f473,
        type: 3}
      propertyPath: m_LocalRotation.y
      value: -0
      objectReference: {fileID: 0}
    - target: {fileID: 9004438894258124879, guid: 6d0c3ff5673228f45b97eb9fc129f473,
        type: 3}
      propertyPath: m_LocalRotation.z
      value: -0
      objectReference: {fileID: 0}
    - target: {fileID: 9004438894258124879, guid: 6d0c3ff5673228f45b97eb9fc129f473,
        type: 3}
      propertyPath: m_LocalEulerAnglesHint.x
      value: 0
      objectReference: {fileID: 0}
    - target: {fileID: 9004438894258124879, guid: 6d0c3ff5673228f45b97eb9fc129f473,
        type: 3}
      propertyPath: m_LocalEulerAnglesHint.y
      value: 0
      objectReference: {fileID: 0}
    - target: {fileID: 9004438894258124879, guid: 6d0c3ff5673228f45b97eb9fc129f473,
        type: 3}
      propertyPath: m_LocalEulerAnglesHint.z
      value: 0
      objectReference: {fileID: 0}
    m_RemovedComponents: []
  m_SourcePrefab: {fileID: 100100000, guid: 6d0c3ff5673228f45b97eb9fc129f473, type: 3}
--- !u!4 &7387289325849874363 stripped
Transform:
  m_CorrespondingSourceObject: {fileID: 9004438894258124879, guid: 6d0c3ff5673228f45b97eb9fc129f473,
    type: 3}
  m_PrefabInstance: {fileID: 1905829649110693876}
  m_PrefabAsset: {fileID: 0}
--- !u!1001 &2076802782272114363
PrefabInstance:
  m_ObjectHideFlags: 0
  serializedVersion: 2
  m_Modification:
    m_TransformParent: {fileID: 7211718187802884083}
    m_Modifications:
    - target: {fileID: -7960387879410044486, guid: 6d0c3ff5673228f45b97eb9fc129f473,
        type: 3}
      propertyPath: m_Sprite
      value: 
      objectReference: {fileID: 21300000, guid: d8fb69eb17c6b584abea80d5ba8d574f,
        type: 3}
    - target: {fileID: 4240628950657619940, guid: 6d0c3ff5673228f45b97eb9fc129f473,
        type: 3}
      propertyPath: m_Name
      value: block (10)
      objectReference: {fileID: 0}
    - target: {fileID: 9004438894258124879, guid: 6d0c3ff5673228f45b97eb9fc129f473,
        type: 3}
      propertyPath: m_RootOrder
      value: 10
      objectReference: {fileID: 0}
    - target: {fileID: 9004438894258124879, guid: 6d0c3ff5673228f45b97eb9fc129f473,
        type: 3}
      propertyPath: m_LocalPosition.x
      value: 2.4766288
      objectReference: {fileID: 0}
    - target: {fileID: 9004438894258124879, guid: 6d0c3ff5673228f45b97eb9fc129f473,
        type: 3}
      propertyPath: m_LocalPosition.y
      value: 4.487185
      objectReference: {fileID: 0}
    - target: {fileID: 9004438894258124879, guid: 6d0c3ff5673228f45b97eb9fc129f473,
        type: 3}
      propertyPath: m_LocalPosition.z
      value: 0
      objectReference: {fileID: 0}
    - target: {fileID: 9004438894258124879, guid: 6d0c3ff5673228f45b97eb9fc129f473,
        type: 3}
      propertyPath: m_LocalRotation.w
      value: 1
      objectReference: {fileID: 0}
    - target: {fileID: 9004438894258124879, guid: 6d0c3ff5673228f45b97eb9fc129f473,
        type: 3}
      propertyPath: m_LocalRotation.x
      value: -0
      objectReference: {fileID: 0}
    - target: {fileID: 9004438894258124879, guid: 6d0c3ff5673228f45b97eb9fc129f473,
        type: 3}
      propertyPath: m_LocalRotation.y
      value: -0
      objectReference: {fileID: 0}
    - target: {fileID: 9004438894258124879, guid: 6d0c3ff5673228f45b97eb9fc129f473,
        type: 3}
      propertyPath: m_LocalRotation.z
      value: -0
      objectReference: {fileID: 0}
    - target: {fileID: 9004438894258124879, guid: 6d0c3ff5673228f45b97eb9fc129f473,
        type: 3}
      propertyPath: m_LocalEulerAnglesHint.x
      value: 0
      objectReference: {fileID: 0}
    - target: {fileID: 9004438894258124879, guid: 6d0c3ff5673228f45b97eb9fc129f473,
        type: 3}
      propertyPath: m_LocalEulerAnglesHint.y
      value: 0
      objectReference: {fileID: 0}
    - target: {fileID: 9004438894258124879, guid: 6d0c3ff5673228f45b97eb9fc129f473,
        type: 3}
      propertyPath: m_LocalEulerAnglesHint.z
      value: 0
      objectReference: {fileID: 0}
    m_RemovedComponents: []
  m_SourcePrefab: {fileID: 100100000, guid: 6d0c3ff5673228f45b97eb9fc129f473, type: 3}
--- !u!4 &6927794445956429556 stripped
Transform:
  m_CorrespondingSourceObject: {fileID: 9004438894258124879, guid: 6d0c3ff5673228f45b97eb9fc129f473,
    type: 3}
  m_PrefabInstance: {fileID: 2076802782272114363}
  m_PrefabAsset: {fileID: 0}
--- !u!1001 &2789745081686468483
PrefabInstance:
  m_ObjectHideFlags: 0
  serializedVersion: 2
  m_Modification:
    m_TransformParent: {fileID: 7211718187802884083}
    m_Modifications:
    - target: {fileID: -7960387879410044486, guid: 6d0c3ff5673228f45b97eb9fc129f473,
        type: 3}
      propertyPath: m_Sprite
      value: 
      objectReference: {fileID: 21300000, guid: d8fb69eb17c6b584abea80d5ba8d574f,
        type: 3}
    - target: {fileID: 4240628950657619940, guid: 6d0c3ff5673228f45b97eb9fc129f473,
        type: 3}
      propertyPath: m_Name
      value: block (16)
      objectReference: {fileID: 0}
    - target: {fileID: 9004438894258124879, guid: 6d0c3ff5673228f45b97eb9fc129f473,
        type: 3}
      propertyPath: m_RootOrder
      value: 15
      objectReference: {fileID: 0}
    - target: {fileID: 9004438894258124879, guid: 6d0c3ff5673228f45b97eb9fc129f473,
        type: 3}
      propertyPath: m_LocalPosition.x
      value: 2.4766288
      objectReference: {fileID: 0}
    - target: {fileID: 9004438894258124879, guid: 6d0c3ff5673228f45b97eb9fc129f473,
        type: 3}
      propertyPath: m_LocalPosition.y
      value: -2.5071847
      objectReference: {fileID: 0}
    - target: {fileID: 9004438894258124879, guid: 6d0c3ff5673228f45b97eb9fc129f473,
        type: 3}
      propertyPath: m_LocalPosition.z
      value: 0
      objectReference: {fileID: 0}
    - target: {fileID: 9004438894258124879, guid: 6d0c3ff5673228f45b97eb9fc129f473,
        type: 3}
      propertyPath: m_LocalRotation.w
      value: 1
      objectReference: {fileID: 0}
    - target: {fileID: 9004438894258124879, guid: 6d0c3ff5673228f45b97eb9fc129f473,
        type: 3}
      propertyPath: m_LocalRotation.x
      value: -0
      objectReference: {fileID: 0}
    - target: {fileID: 9004438894258124879, guid: 6d0c3ff5673228f45b97eb9fc129f473,
        type: 3}
      propertyPath: m_LocalRotation.y
      value: -0
      objectReference: {fileID: 0}
    - target: {fileID: 9004438894258124879, guid: 6d0c3ff5673228f45b97eb9fc129f473,
        type: 3}
      propertyPath: m_LocalRotation.z
      value: -0
      objectReference: {fileID: 0}
    - target: {fileID: 9004438894258124879, guid: 6d0c3ff5673228f45b97eb9fc129f473,
        type: 3}
      propertyPath: m_LocalEulerAnglesHint.x
      value: 0
      objectReference: {fileID: 0}
    - target: {fileID: 9004438894258124879, guid: 6d0c3ff5673228f45b97eb9fc129f473,
        type: 3}
      propertyPath: m_LocalEulerAnglesHint.y
      value: 0
      objectReference: {fileID: 0}
    - target: {fileID: 9004438894258124879, guid: 6d0c3ff5673228f45b97eb9fc129f473,
        type: 3}
      propertyPath: m_LocalEulerAnglesHint.z
      value: 0
      objectReference: {fileID: 0}
    m_RemovedComponents: []
  m_SourcePrefab: {fileID: 100100000, guid: 6d0c3ff5673228f45b97eb9fc129f473, type: 3}
--- !u!4 &6503509201990967244 stripped
Transform:
  m_CorrespondingSourceObject: {fileID: 9004438894258124879, guid: 6d0c3ff5673228f45b97eb9fc129f473,
    type: 3}
  m_PrefabInstance: {fileID: 2789745081686468483}
  m_PrefabAsset: {fileID: 0}
--- !u!1001 &2830260017696914605
PrefabInstance:
  m_ObjectHideFlags: 0
  serializedVersion: 2
  m_Modification:
    m_TransformParent: {fileID: 7211718187802884083}
    m_Modifications:
    - target: {fileID: -7960387879410044486, guid: 6d0c3ff5673228f45b97eb9fc129f473,
        type: 3}
      propertyPath: m_Sprite
      value: 
      objectReference: {fileID: 21300000, guid: d8fb69eb17c6b584abea80d5ba8d574f,
        type: 3}
    - target: {fileID: 4240628950657619940, guid: 6d0c3ff5673228f45b97eb9fc129f473,
        type: 3}
      propertyPath: m_Name
      value: block (11)
      objectReference: {fileID: 0}
    - target: {fileID: 9004438894258124879, guid: 6d0c3ff5673228f45b97eb9fc129f473,
        type: 3}
      propertyPath: m_RootOrder
      value: 11
      objectReference: {fileID: 0}
    - target: {fileID: 9004438894258124879, guid: 6d0c3ff5673228f45b97eb9fc129f473,
        type: 3}
      propertyPath: m_LocalPosition.x
      value: 2.4766288
      objectReference: {fileID: 0}
    - target: {fileID: 9004438894258124879, guid: 6d0c3ff5673228f45b97eb9fc129f473,
        type: 3}
      propertyPath: m_LocalPosition.y
      value: 3.4900002
      objectReference: {fileID: 0}
    - target: {fileID: 9004438894258124879, guid: 6d0c3ff5673228f45b97eb9fc129f473,
        type: 3}
      propertyPath: m_LocalPosition.z
      value: 0
      objectReference: {fileID: 0}
    - target: {fileID: 9004438894258124879, guid: 6d0c3ff5673228f45b97eb9fc129f473,
        type: 3}
      propertyPath: m_LocalRotation.w
      value: 1
      objectReference: {fileID: 0}
    - target: {fileID: 9004438894258124879, guid: 6d0c3ff5673228f45b97eb9fc129f473,
        type: 3}
      propertyPath: m_LocalRotation.x
      value: -0
      objectReference: {fileID: 0}
    - target: {fileID: 9004438894258124879, guid: 6d0c3ff5673228f45b97eb9fc129f473,
        type: 3}
      propertyPath: m_LocalRotation.y
      value: -0
      objectReference: {fileID: 0}
    - target: {fileID: 9004438894258124879, guid: 6d0c3ff5673228f45b97eb9fc129f473,
        type: 3}
      propertyPath: m_LocalRotation.z
      value: -0
      objectReference: {fileID: 0}
    - target: {fileID: 9004438894258124879, guid: 6d0c3ff5673228f45b97eb9fc129f473,
        type: 3}
      propertyPath: m_LocalEulerAnglesHint.x
      value: 0
      objectReference: {fileID: 0}
    - target: {fileID: 9004438894258124879, guid: 6d0c3ff5673228f45b97eb9fc129f473,
        type: 3}
      propertyPath: m_LocalEulerAnglesHint.y
      value: 0
      objectReference: {fileID: 0}
    - target: {fileID: 9004438894258124879, guid: 6d0c3ff5673228f45b97eb9fc129f473,
        type: 3}
      propertyPath: m_LocalEulerAnglesHint.z
      value: 0
      objectReference: {fileID: 0}
    m_RemovedComponents: []
  m_SourcePrefab: {fileID: 100100000, guid: 6d0c3ff5673228f45b97eb9fc129f473, type: 3}
--- !u!4 &6607109453989266658 stripped
Transform:
  m_CorrespondingSourceObject: {fileID: 9004438894258124879, guid: 6d0c3ff5673228f45b97eb9fc129f473,
    type: 3}
  m_PrefabInstance: {fileID: 2830260017696914605}
  m_PrefabAsset: {fileID: 0}
--- !u!1001 &3370234991620145963
PrefabInstance:
  m_ObjectHideFlags: 0
  serializedVersion: 2
  m_Modification:
    m_TransformParent: {fileID: 7211718187802884083}
    m_Modifications:
    - target: {fileID: -7960387879410044486, guid: 6d0c3ff5673228f45b97eb9fc129f473,
        type: 3}
      propertyPath: m_Sprite
      value: 
      objectReference: {fileID: 21300000, guid: d8fb69eb17c6b584abea80d5ba8d574f,
        type: 3}
    - target: {fileID: 4240628950657619940, guid: 6d0c3ff5673228f45b97eb9fc129f473,
        type: 3}
      propertyPath: m_Name
      value: block (13)
      objectReference: {fileID: 0}
    - target: {fileID: 9004438894258124879, guid: 6d0c3ff5673228f45b97eb9fc129f473,
        type: 3}
      propertyPath: m_RootOrder
      value: 12
      objectReference: {fileID: 0}
    - target: {fileID: 9004438894258124879, guid: 6d0c3ff5673228f45b97eb9fc129f473,
        type: 3}
      propertyPath: m_LocalPosition.x
      value: 2.4766288
      objectReference: {fileID: 0}
    - target: {fileID: 9004438894258124879, guid: 6d0c3ff5673228f45b97eb9fc129f473,
        type: 3}
      propertyPath: m_LocalPosition.y
      value: 1.4928155
      objectReference: {fileID: 0}
    - target: {fileID: 9004438894258124879, guid: 6d0c3ff5673228f45b97eb9fc129f473,
        type: 3}
      propertyPath: m_LocalPosition.z
      value: 0
      objectReference: {fileID: 0}
    - target: {fileID: 9004438894258124879, guid: 6d0c3ff5673228f45b97eb9fc129f473,
        type: 3}
      propertyPath: m_LocalRotation.w
      value: 1
      objectReference: {fileID: 0}
    - target: {fileID: 9004438894258124879, guid: 6d0c3ff5673228f45b97eb9fc129f473,
        type: 3}
      propertyPath: m_LocalRotation.x
      value: -0
      objectReference: {fileID: 0}
    - target: {fileID: 9004438894258124879, guid: 6d0c3ff5673228f45b97eb9fc129f473,
        type: 3}
      propertyPath: m_LocalRotation.y
      value: -0
      objectReference: {fileID: 0}
    - target: {fileID: 9004438894258124879, guid: 6d0c3ff5673228f45b97eb9fc129f473,
        type: 3}
      propertyPath: m_LocalRotation.z
      value: -0
      objectReference: {fileID: 0}
    - target: {fileID: 9004438894258124879, guid: 6d0c3ff5673228f45b97eb9fc129f473,
        type: 3}
      propertyPath: m_LocalEulerAnglesHint.x
      value: 0
      objectReference: {fileID: 0}
    - target: {fileID: 9004438894258124879, guid: 6d0c3ff5673228f45b97eb9fc129f473,
        type: 3}
      propertyPath: m_LocalEulerAnglesHint.y
      value: 0
      objectReference: {fileID: 0}
    - target: {fileID: 9004438894258124879, guid: 6d0c3ff5673228f45b97eb9fc129f473,
        type: 3}
      propertyPath: m_LocalEulerAnglesHint.z
      value: 0
      objectReference: {fileID: 0}
    m_RemovedComponents: []
  m_SourcePrefab: {fileID: 100100000, guid: 6d0c3ff5673228f45b97eb9fc129f473, type: 3}
--- !u!4 &5923161124696177508 stripped
Transform:
  m_CorrespondingSourceObject: {fileID: 9004438894258124879, guid: 6d0c3ff5673228f45b97eb9fc129f473,
    type: 3}
  m_PrefabInstance: {fileID: 3370234991620145963}
  m_PrefabAsset: {fileID: 0}
--- !u!1001 &4315530112028764767
PrefabInstance:
  m_ObjectHideFlags: 0
  serializedVersion: 2
  m_Modification:
    m_TransformParent: {fileID: 7211718187802884083}
    m_Modifications:
    - target: {fileID: -7960387879410044486, guid: 6d0c3ff5673228f45b97eb9fc129f473,
        type: 3}
      propertyPath: m_Sprite
      value: 
      objectReference: {fileID: 21300000, guid: d8fb69eb17c6b584abea80d5ba8d574f,
        type: 3}
    - target: {fileID: 4240628950657619940, guid: 6d0c3ff5673228f45b97eb9fc129f473,
        type: 3}
      propertyPath: m_Name
      value: block (1)
      objectReference: {fileID: 0}
    - target: {fileID: 9004438894258124879, guid: 6d0c3ff5673228f45b97eb9fc129f473,
        type: 3}
      propertyPath: m_RootOrder
      value: 1
      objectReference: {fileID: 0}
    - target: {fileID: 9004438894258124879, guid: 6d0c3ff5673228f45b97eb9fc129f473,
        type: 3}
      propertyPath: m_LocalPosition.x
      value: -2.492
      objectReference: {fileID: 0}
    - target: {fileID: 9004438894258124879, guid: 6d0c3ff5673228f45b97eb9fc129f473,
        type: 3}
      propertyPath: m_LocalPosition.y
      value: 3.4900002
      objectReference: {fileID: 0}
    - target: {fileID: 9004438894258124879, guid: 6d0c3ff5673228f45b97eb9fc129f473,
        type: 3}
      propertyPath: m_LocalPosition.z
      value: 0
      objectReference: {fileID: 0}
    - target: {fileID: 9004438894258124879, guid: 6d0c3ff5673228f45b97eb9fc129f473,
        type: 3}
      propertyPath: m_LocalRotation.w
      value: 1
      objectReference: {fileID: 0}
    - target: {fileID: 9004438894258124879, guid: 6d0c3ff5673228f45b97eb9fc129f473,
        type: 3}
      propertyPath: m_LocalRotation.x
      value: -0
      objectReference: {fileID: 0}
    - target: {fileID: 9004438894258124879, guid: 6d0c3ff5673228f45b97eb9fc129f473,
        type: 3}
      propertyPath: m_LocalRotation.y
      value: -0
      objectReference: {fileID: 0}
    - target: {fileID: 9004438894258124879, guid: 6d0c3ff5673228f45b97eb9fc129f473,
        type: 3}
      propertyPath: m_LocalRotation.z
      value: -0
      objectReference: {fileID: 0}
    - target: {fileID: 9004438894258124879, guid: 6d0c3ff5673228f45b97eb9fc129f473,
        type: 3}
      propertyPath: m_LocalEulerAnglesHint.x
      value: 0
      objectReference: {fileID: 0}
    - target: {fileID: 9004438894258124879, guid: 6d0c3ff5673228f45b97eb9fc129f473,
        type: 3}
      propertyPath: m_LocalEulerAnglesHint.y
      value: 0
      objectReference: {fileID: 0}
    - target: {fileID: 9004438894258124879, guid: 6d0c3ff5673228f45b97eb9fc129f473,
        type: 3}
      propertyPath: m_LocalEulerAnglesHint.z
      value: 0
      objectReference: {fileID: 0}
    m_RemovedComponents: []
  m_SourcePrefab: {fileID: 100100000, guid: 6d0c3ff5673228f45b97eb9fc129f473, type: 3}
--- !u!4 &5122253806822658576 stripped
Transform:
  m_CorrespondingSourceObject: {fileID: 9004438894258124879, guid: 6d0c3ff5673228f45b97eb9fc129f473,
    type: 3}
  m_PrefabInstance: {fileID: 4315530112028764767}
  m_PrefabAsset: {fileID: 0}
--- !u!1001 &4369632173393474717
PrefabInstance:
  m_ObjectHideFlags: 0
  serializedVersion: 2
  m_Modification:
    m_TransformParent: {fileID: 7211718187802884083}
    m_Modifications:
    - target: {fileID: -7960387879410044486, guid: 6d0c3ff5673228f45b97eb9fc129f473,
        type: 3}
      propertyPath: m_Sprite
      value: 
      objectReference: {fileID: 21300000, guid: d8fb69eb17c6b584abea80d5ba8d574f,
        type: 3}
    - target: {fileID: 4240628950657619940, guid: 6d0c3ff5673228f45b97eb9fc129f473,
        type: 3}
      propertyPath: m_Name
      value: block (9)
      objectReference: {fileID: 0}
    - target: {fileID: 9004438894258124879, guid: 6d0c3ff5673228f45b97eb9fc129f473,
        type: 3}
      propertyPath: m_RootOrder
      value: 8
      objectReference: {fileID: 0}
    - target: {fileID: 9004438894258124879, guid: 6d0c3ff5673228f45b97eb9fc129f473,
        type: 3}
      propertyPath: m_LocalPosition.x
      value: -2.492
      objectReference: {fileID: 0}
    - target: {fileID: 9004438894258124879, guid: 6d0c3ff5673228f45b97eb9fc129f473,
        type: 3}
      propertyPath: m_LocalPosition.y
      value: -3.51
      objectReference: {fileID: 0}
    - target: {fileID: 9004438894258124879, guid: 6d0c3ff5673228f45b97eb9fc129f473,
        type: 3}
      propertyPath: m_LocalPosition.z
      value: 0
      objectReference: {fileID: 0}
    - target: {fileID: 9004438894258124879, guid: 6d0c3ff5673228f45b97eb9fc129f473,
        type: 3}
      propertyPath: m_LocalRotation.w
      value: 1
      objectReference: {fileID: 0}
    - target: {fileID: 9004438894258124879, guid: 6d0c3ff5673228f45b97eb9fc129f473,
        type: 3}
      propertyPath: m_LocalRotation.x
      value: -0
      objectReference: {fileID: 0}
    - target: {fileID: 9004438894258124879, guid: 6d0c3ff5673228f45b97eb9fc129f473,
        type: 3}
      propertyPath: m_LocalRotation.y
      value: -0
      objectReference: {fileID: 0}
    - target: {fileID: 9004438894258124879, guid: 6d0c3ff5673228f45b97eb9fc129f473,
        type: 3}
      propertyPath: m_LocalRotation.z
      value: -0
      objectReference: {fileID: 0}
    - target: {fileID: 9004438894258124879, guid: 6d0c3ff5673228f45b97eb9fc129f473,
        type: 3}
      propertyPath: m_LocalEulerAnglesHint.x
      value: 0
      objectReference: {fileID: 0}
    - target: {fileID: 9004438894258124879, guid: 6d0c3ff5673228f45b97eb9fc129f473,
        type: 3}
      propertyPath: m_LocalEulerAnglesHint.y
      value: 0
      objectReference: {fileID: 0}
    - target: {fileID: 9004438894258124879, guid: 6d0c3ff5673228f45b97eb9fc129f473,
        type: 3}
      propertyPath: m_LocalEulerAnglesHint.z
      value: 0
      objectReference: {fileID: 0}
    m_RemovedComponents: []
  m_SourcePrefab: {fileID: 100100000, guid: 6d0c3ff5673228f45b97eb9fc129f473, type: 3}
--- !u!4 &4634833177931353298 stripped
Transform:
  m_CorrespondingSourceObject: {fileID: 9004438894258124879, guid: 6d0c3ff5673228f45b97eb9fc129f473,
    type: 3}
  m_PrefabInstance: {fileID: 4369632173393474717}
  m_PrefabAsset: {fileID: 0}
--- !u!1001 &4728069916610949330
PrefabInstance:
  m_ObjectHideFlags: 0
  serializedVersion: 2
  m_Modification:
    m_TransformParent: {fileID: 7211718187802884083}
    m_Modifications:
    - target: {fileID: 6255579115128113031, guid: aaa3f53ce755e314b82b44620c6efb50,
        type: 3}
      propertyPath: m_Name
      value: P (8)
      objectReference: {fileID: 0}
    - target: {fileID: 7141653248389777515, guid: aaa3f53ce755e314b82b44620c6efb50,
        type: 3}
      propertyPath: m_RootOrder
      value: 23
      objectReference: {fileID: 0}
    - target: {fileID: 7141653248389777515, guid: aaa3f53ce755e314b82b44620c6efb50,
        type: 3}
      propertyPath: m_LocalPosition.x
      value: 1.57
      objectReference: {fileID: 0}
    - target: {fileID: 7141653248389777515, guid: aaa3f53ce755e314b82b44620c6efb50,
        type: 3}
      propertyPath: m_LocalPosition.y
      value: 3.279
      objectReference: {fileID: 0}
    - target: {fileID: 7141653248389777515, guid: aaa3f53ce755e314b82b44620c6efb50,
        type: 3}
      propertyPath: m_LocalPosition.z
      value: 0
      objectReference: {fileID: 0}
    - target: {fileID: 7141653248389777515, guid: aaa3f53ce755e314b82b44620c6efb50,
        type: 3}
      propertyPath: m_LocalRotation.w
      value: 1
      objectReference: {fileID: 0}
    - target: {fileID: 7141653248389777515, guid: aaa3f53ce755e314b82b44620c6efb50,
        type: 3}
      propertyPath: m_LocalRotation.x
      value: -0
      objectReference: {fileID: 0}
    - target: {fileID: 7141653248389777515, guid: aaa3f53ce755e314b82b44620c6efb50,
        type: 3}
      propertyPath: m_LocalRotation.y
      value: -0
      objectReference: {fileID: 0}
    - target: {fileID: 7141653248389777515, guid: aaa3f53ce755e314b82b44620c6efb50,
        type: 3}
      propertyPath: m_LocalRotation.z
      value: -0
      objectReference: {fileID: 0}
    - target: {fileID: 7141653248389777515, guid: aaa3f53ce755e314b82b44620c6efb50,
        type: 3}
      propertyPath: m_LocalEulerAnglesHint.x
      value: 0
      objectReference: {fileID: 0}
    - target: {fileID: 7141653248389777515, guid: aaa3f53ce755e314b82b44620c6efb50,
        type: 3}
      propertyPath: m_LocalEulerAnglesHint.y
      value: 0
      objectReference: {fileID: 0}
    - target: {fileID: 7141653248389777515, guid: aaa3f53ce755e314b82b44620c6efb50,
        type: 3}
      propertyPath: m_LocalEulerAnglesHint.z
      value: 0
      objectReference: {fileID: 0}
    - target: {fileID: 9030873063864134776, guid: aaa3f53ce755e314b82b44620c6efb50,
        type: 3}
      propertyPath: m_Sprite
      value: 
      objectReference: {fileID: 21300000, guid: d8fb69eb17c6b584abea80d5ba8d574f,
        type: 3}
    m_RemovedComponents: []
  m_SourcePrefab: {fileID: 100100000, guid: aaa3f53ce755e314b82b44620c6efb50, type: 3}
--- !u!4 &2486344625489967289 stripped
Transform:
  m_CorrespondingSourceObject: {fileID: 7141653248389777515, guid: aaa3f53ce755e314b82b44620c6efb50,
    type: 3}
  m_PrefabInstance: {fileID: 4728069916610949330}
  m_PrefabAsset: {fileID: 0}
--- !u!1001 &4762325742443288380
PrefabInstance:
  m_ObjectHideFlags: 0
  serializedVersion: 2
  m_Modification:
    m_TransformParent: {fileID: 7211718187802884083}
    m_Modifications:
    - target: {fileID: -7960387879410044486, guid: 6d0c3ff5673228f45b97eb9fc129f473,
        type: 3}
      propertyPath: m_Sprite
      value: 
      objectReference: {fileID: 21300000, guid: d8fb69eb17c6b584abea80d5ba8d574f,
        type: 3}
    - target: {fileID: 4240628950657619940, guid: 6d0c3ff5673228f45b97eb9fc129f473,
        type: 3}
      propertyPath: m_Name
      value: block (12)
      objectReference: {fileID: 0}
    - target: {fileID: 9004438894258124879, guid: 6d0c3ff5673228f45b97eb9fc129f473,
        type: 3}
      propertyPath: m_RootOrder
      value: 13
      objectReference: {fileID: 0}
    - target: {fileID: 9004438894258124879, guid: 6d0c3ff5673228f45b97eb9fc129f473,
        type: 3}
      propertyPath: m_LocalPosition.x
      value: 2.4766288
      objectReference: {fileID: 0}
    - target: {fileID: 9004438894258124879, guid: 6d0c3ff5673228f45b97eb9fc129f473,
        type: 3}
      propertyPath: m_LocalPosition.y
      value: 2.4900002
      objectReference: {fileID: 0}
    - target: {fileID: 9004438894258124879, guid: 6d0c3ff5673228f45b97eb9fc129f473,
        type: 3}
      propertyPath: m_LocalPosition.z
      value: 0
      objectReference: {fileID: 0}
    - target: {fileID: 9004438894258124879, guid: 6d0c3ff5673228f45b97eb9fc129f473,
        type: 3}
      propertyPath: m_LocalRotation.w
      value: 1
      objectReference: {fileID: 0}
    - target: {fileID: 9004438894258124879, guid: 6d0c3ff5673228f45b97eb9fc129f473,
        type: 3}
      propertyPath: m_LocalRotation.x
      value: -0
      objectReference: {fileID: 0}
    - target: {fileID: 9004438894258124879, guid: 6d0c3ff5673228f45b97eb9fc129f473,
        type: 3}
      propertyPath: m_LocalRotation.y
      value: -0
      objectReference: {fileID: 0}
    - target: {fileID: 9004438894258124879, guid: 6d0c3ff5673228f45b97eb9fc129f473,
        type: 3}
      propertyPath: m_LocalRotation.z
      value: -0
      objectReference: {fileID: 0}
    - target: {fileID: 9004438894258124879, guid: 6d0c3ff5673228f45b97eb9fc129f473,
        type: 3}
      propertyPath: m_LocalEulerAnglesHint.x
      value: 0
      objectReference: {fileID: 0}
    - target: {fileID: 9004438894258124879, guid: 6d0c3ff5673228f45b97eb9fc129f473,
        type: 3}
      propertyPath: m_LocalEulerAnglesHint.y
      value: 0
      objectReference: {fileID: 0}
    - target: {fileID: 9004438894258124879, guid: 6d0c3ff5673228f45b97eb9fc129f473,
        type: 3}
      propertyPath: m_LocalEulerAnglesHint.z
      value: 0
      objectReference: {fileID: 0}
    m_RemovedComponents: []
  m_SourcePrefab: {fileID: 100100000, guid: 6d0c3ff5673228f45b97eb9fc129f473, type: 3}
--- !u!4 &4530937268607692659 stripped
Transform:
  m_CorrespondingSourceObject: {fileID: 9004438894258124879, guid: 6d0c3ff5673228f45b97eb9fc129f473,
    type: 3}
  m_PrefabInstance: {fileID: 4762325742443288380}
  m_PrefabAsset: {fileID: 0}
--- !u!1001 &4840509862681119247
PrefabInstance:
  m_ObjectHideFlags: 0
  serializedVersion: 2
  m_Modification:
    m_TransformParent: {fileID: 4464061326270266620}
    m_Modifications:
    - target: {fileID: 455371966273761403, guid: 52c1b43bd9cb83945a3a85566c71f1d9,
        type: 3}
      propertyPath: m_Name
      value: star
      objectReference: {fileID: 0}
    - target: {fileID: 6336954323499426604, guid: 52c1b43bd9cb83945a3a85566c71f1d9,
        type: 3}
      propertyPath: m_RootOrder
      value: 1
      objectReference: {fileID: 0}
    - target: {fileID: 6336954323499426604, guid: 52c1b43bd9cb83945a3a85566c71f1d9,
        type: 3}
      propertyPath: m_LocalPosition.x
      value: 0.02
      objectReference: {fileID: 0}
    - target: {fileID: 6336954323499426604, guid: 52c1b43bd9cb83945a3a85566c71f1d9,
        type: 3}
      propertyPath: m_LocalPosition.y
      value: 3.3
      objectReference: {fileID: 0}
    - target: {fileID: 6336954323499426604, guid: 52c1b43bd9cb83945a3a85566c71f1d9,
        type: 3}
      propertyPath: m_LocalPosition.z
      value: 0
      objectReference: {fileID: 0}
    - target: {fileID: 6336954323499426604, guid: 52c1b43bd9cb83945a3a85566c71f1d9,
        type: 3}
      propertyPath: m_LocalRotation.w
      value: 1
      objectReference: {fileID: 0}
    - target: {fileID: 6336954323499426604, guid: 52c1b43bd9cb83945a3a85566c71f1d9,
        type: 3}
      propertyPath: m_LocalRotation.x
      value: -0
      objectReference: {fileID: 0}
    - target: {fileID: 6336954323499426604, guid: 52c1b43bd9cb83945a3a85566c71f1d9,
        type: 3}
      propertyPath: m_LocalRotation.y
      value: -0
      objectReference: {fileID: 0}
    - target: {fileID: 6336954323499426604, guid: 52c1b43bd9cb83945a3a85566c71f1d9,
        type: 3}
      propertyPath: m_LocalRotation.z
      value: -0
      objectReference: {fileID: 0}
    - target: {fileID: 6336954323499426604, guid: 52c1b43bd9cb83945a3a85566c71f1d9,
        type: 3}
      propertyPath: m_LocalEulerAnglesHint.x
      value: 0
      objectReference: {fileID: 0}
    - target: {fileID: 6336954323499426604, guid: 52c1b43bd9cb83945a3a85566c71f1d9,
        type: 3}
      propertyPath: m_LocalEulerAnglesHint.y
      value: 0
      objectReference: {fileID: 0}
    - target: {fileID: 6336954323499426604, guid: 52c1b43bd9cb83945a3a85566c71f1d9,
        type: 3}
      propertyPath: m_LocalEulerAnglesHint.z
      value: 0
      objectReference: {fileID: 0}
    m_RemovedComponents: []
  m_SourcePrefab: {fileID: 100100000, guid: 52c1b43bd9cb83945a3a85566c71f1d9, type: 3}
--- !u!4 &1503516674256349475 stripped
Transform:
  m_CorrespondingSourceObject: {fileID: 6336954323499426604, guid: 52c1b43bd9cb83945a3a85566c71f1d9,
    type: 3}
  m_PrefabInstance: {fileID: 4840509862681119247}
  m_PrefabAsset: {fileID: 0}
--- !u!1001 &5016616698623016818
PrefabInstance:
  m_ObjectHideFlags: 0
  serializedVersion: 2
  m_Modification:
    m_TransformParent: {fileID: 7211718187802884083}
    m_Modifications:
    - target: {fileID: -7960387879410044486, guid: 6d0c3ff5673228f45b97eb9fc129f473,
        type: 3}
      propertyPath: m_Sprite
      value: 
      objectReference: {fileID: 21300000, guid: d8fb69eb17c6b584abea80d5ba8d574f,
        type: 3}
    - target: {fileID: 4240628950657619940, guid: 6d0c3ff5673228f45b97eb9fc129f473,
        type: 3}
      propertyPath: m_Name
      value: block (18)
      objectReference: {fileID: 0}
    - target: {fileID: 9004438894258124879, guid: 6d0c3ff5673228f45b97eb9fc129f473,
        type: 3}
      propertyPath: m_RootOrder
      value: 19
      objectReference: {fileID: 0}
    - target: {fileID: 9004438894258124879, guid: 6d0c3ff5673228f45b97eb9fc129f473,
        type: 3}
      propertyPath: m_LocalPosition.x
      value: 2.4766288
      objectReference: {fileID: 0}
    - target: {fileID: 9004438894258124879, guid: 6d0c3ff5673228f45b97eb9fc129f473,
        type: 3}
      propertyPath: m_LocalPosition.y
      value: -3.51
      objectReference: {fileID: 0}
    - target: {fileID: 9004438894258124879, guid: 6d0c3ff5673228f45b97eb9fc129f473,
        type: 3}
      propertyPath: m_LocalPosition.z
      value: 0
      objectReference: {fileID: 0}
    - target: {fileID: 9004438894258124879, guid: 6d0c3ff5673228f45b97eb9fc129f473,
        type: 3}
      propertyPath: m_LocalRotation.w
      value: 1
      objectReference: {fileID: 0}
    - target: {fileID: 9004438894258124879, guid: 6d0c3ff5673228f45b97eb9fc129f473,
        type: 3}
      propertyPath: m_LocalRotation.x
      value: -0
      objectReference: {fileID: 0}
    - target: {fileID: 9004438894258124879, guid: 6d0c3ff5673228f45b97eb9fc129f473,
        type: 3}
      propertyPath: m_LocalRotation.y
      value: -0
      objectReference: {fileID: 0}
    - target: {fileID: 9004438894258124879, guid: 6d0c3ff5673228f45b97eb9fc129f473,
        type: 3}
      propertyPath: m_LocalRotation.z
      value: -0
      objectReference: {fileID: 0}
    - target: {fileID: 9004438894258124879, guid: 6d0c3ff5673228f45b97eb9fc129f473,
        type: 3}
      propertyPath: m_LocalEulerAnglesHint.x
      value: 0
      objectReference: {fileID: 0}
    - target: {fileID: 9004438894258124879, guid: 6d0c3ff5673228f45b97eb9fc129f473,
        type: 3}
      propertyPath: m_LocalEulerAnglesHint.y
      value: 0
      objectReference: {fileID: 0}
    - target: {fileID: 9004438894258124879, guid: 6d0c3ff5673228f45b97eb9fc129f473,
        type: 3}
      propertyPath: m_LocalEulerAnglesHint.z
      value: 0
      objectReference: {fileID: 0}
    m_RemovedComponents: []
  m_SourcePrefab: {fileID: 100100000, guid: 6d0c3ff5673228f45b97eb9fc129f473, type: 3}
--- !u!4 &4136744521629222717 stripped
Transform:
  m_CorrespondingSourceObject: {fileID: 9004438894258124879, guid: 6d0c3ff5673228f45b97eb9fc129f473,
    type: 3}
  m_PrefabInstance: {fileID: 5016616698623016818}
  m_PrefabAsset: {fileID: 0}
--- !u!1001 &6058436487719137795
PrefabInstance:
  m_ObjectHideFlags: 0
  serializedVersion: 2
  m_Modification:
    m_TransformParent: {fileID: 7211718187802884083}
    m_Modifications:
    - target: {fileID: 6255579115128113031, guid: aaa3f53ce755e314b82b44620c6efb50,
        type: 3}
      propertyPath: m_Name
      value: P (1)
      objectReference: {fileID: 0}
    - target: {fileID: 7141653248389777515, guid: aaa3f53ce755e314b82b44620c6efb50,
        type: 3}
      propertyPath: m_RootOrder
      value: 24
      objectReference: {fileID: 0}
    - target: {fileID: 7141653248389777515, guid: aaa3f53ce755e314b82b44620c6efb50,
        type: 3}
      propertyPath: m_LocalPosition.x
      value: 0.14829993
      objectReference: {fileID: 0}
    - target: {fileID: 7141653248389777515, guid: aaa3f53ce755e314b82b44620c6efb50,
        type: 3}
      propertyPath: m_LocalPosition.y
      value: -0.6400001
      objectReference: {fileID: 0}
    - target: {fileID: 7141653248389777515, guid: aaa3f53ce755e314b82b44620c6efb50,
        type: 3}
      propertyPath: m_LocalPosition.z
      value: 0
      objectReference: {fileID: 0}
    - target: {fileID: 7141653248389777515, guid: aaa3f53ce755e314b82b44620c6efb50,
        type: 3}
      propertyPath: m_LocalRotation.w
      value: 1
      objectReference: {fileID: 0}
    - target: {fileID: 7141653248389777515, guid: aaa3f53ce755e314b82b44620c6efb50,
        type: 3}
      propertyPath: m_LocalRotation.x
      value: -0
      objectReference: {fileID: 0}
    - target: {fileID: 7141653248389777515, guid: aaa3f53ce755e314b82b44620c6efb50,
        type: 3}
      propertyPath: m_LocalRotation.y
      value: -0
      objectReference: {fileID: 0}
    - target: {fileID: 7141653248389777515, guid: aaa3f53ce755e314b82b44620c6efb50,
        type: 3}
      propertyPath: m_LocalRotation.z
      value: -0
      objectReference: {fileID: 0}
    - target: {fileID: 7141653248389777515, guid: aaa3f53ce755e314b82b44620c6efb50,
        type: 3}
      propertyPath: m_LocalEulerAnglesHint.x
      value: 0
      objectReference: {fileID: 0}
    - target: {fileID: 7141653248389777515, guid: aaa3f53ce755e314b82b44620c6efb50,
        type: 3}
      propertyPath: m_LocalEulerAnglesHint.y
      value: 0
      objectReference: {fileID: 0}
    - target: {fileID: 7141653248389777515, guid: aaa3f53ce755e314b82b44620c6efb50,
        type: 3}
      propertyPath: m_LocalEulerAnglesHint.z
      value: 0
      objectReference: {fileID: 0}
    - target: {fileID: 9030873063864134776, guid: aaa3f53ce755e314b82b44620c6efb50,
        type: 3}
      propertyPath: m_Sprite
      value: 
      objectReference: {fileID: 21300000, guid: d8fb69eb17c6b584abea80d5ba8d574f,
        type: 3}
    m_RemovedComponents: []
  m_SourcePrefab: {fileID: 100100000, guid: aaa3f53ce755e314b82b44620c6efb50, type: 3}
--- !u!4 &3967631862897719912 stripped
Transform:
  m_CorrespondingSourceObject: {fileID: 7141653248389777515, guid: aaa3f53ce755e314b82b44620c6efb50,
    type: 3}
  m_PrefabInstance: {fileID: 6058436487719137795}
  m_PrefabAsset: {fileID: 0}
--- !u!1001 &6330050540975688608
PrefabInstance:
  m_ObjectHideFlags: 0
  serializedVersion: 2
  m_Modification:
    m_TransformParent: {fileID: 7211718187802884083}
    m_Modifications:
    - target: {fileID: 6255579115128113031, guid: aaa3f53ce755e314b82b44620c6efb50,
        type: 3}
      propertyPath: m_Name
      value: P
      objectReference: {fileID: 0}
    - target: {fileID: 7141653248389777515, guid: aaa3f53ce755e314b82b44620c6efb50,
        type: 3}
      propertyPath: m_RootOrder
      value: 20
      objectReference: {fileID: 0}
    - target: {fileID: 7141653248389777515, guid: aaa3f53ce755e314b82b44620c6efb50,
        type: 3}
      propertyPath: m_LocalPosition.x
      value: 1.5683
      objectReference: {fileID: 0}
    - target: {fileID: 7141653248389777515, guid: aaa3f53ce755e314b82b44620c6efb50,
        type: 3}
      propertyPath: m_LocalPosition.y
      value: -3.7
      objectReference: {fileID: 0}
    - target: {fileID: 7141653248389777515, guid: aaa3f53ce755e314b82b44620c6efb50,
        type: 3}
      propertyPath: m_LocalPosition.z
      value: 0
      objectReference: {fileID: 0}
    - target: {fileID: 7141653248389777515, guid: aaa3f53ce755e314b82b44620c6efb50,
        type: 3}
      propertyPath: m_LocalRotation.w
      value: 1
      objectReference: {fileID: 0}
    - target: {fileID: 7141653248389777515, guid: aaa3f53ce755e314b82b44620c6efb50,
        type: 3}
      propertyPath: m_LocalRotation.x
      value: -0
      objectReference: {fileID: 0}
    - target: {fileID: 7141653248389777515, guid: aaa3f53ce755e314b82b44620c6efb50,
        type: 3}
      propertyPath: m_LocalRotation.y
      value: -0
      objectReference: {fileID: 0}
    - target: {fileID: 7141653248389777515, guid: aaa3f53ce755e314b82b44620c6efb50,
        type: 3}
      propertyPath: m_LocalRotation.z
      value: -0
      objectReference: {fileID: 0}
    - target: {fileID: 7141653248389777515, guid: aaa3f53ce755e314b82b44620c6efb50,
        type: 3}
      propertyPath: m_LocalEulerAnglesHint.x
      value: 0
      objectReference: {fileID: 0}
    - target: {fileID: 7141653248389777515, guid: aaa3f53ce755e314b82b44620c6efb50,
        type: 3}
      propertyPath: m_LocalEulerAnglesHint.y
      value: 0
      objectReference: {fileID: 0}
    - target: {fileID: 7141653248389777515, guid: aaa3f53ce755e314b82b44620c6efb50,
        type: 3}
      propertyPath: m_LocalEulerAnglesHint.z
      value: 0
      objectReference: {fileID: 0}
    - target: {fileID: 9030873063864134776, guid: aaa3f53ce755e314b82b44620c6efb50,
        type: 3}
      propertyPath: m_Sprite
      value: 
      objectReference: {fileID: 21300000, guid: d8fb69eb17c6b584abea80d5ba8d574f,
        type: 3}
    m_RemovedComponents: []
  m_SourcePrefab: {fileID: 100100000, guid: aaa3f53ce755e314b82b44620c6efb50, type: 3}
--- !u!4 &3802415392432423883 stripped
Transform:
  m_CorrespondingSourceObject: {fileID: 7141653248389777515, guid: aaa3f53ce755e314b82b44620c6efb50,
    type: 3}
  m_PrefabInstance: {fileID: 6330050540975688608}
  m_PrefabAsset: {fileID: 0}
--- !u!1001 &6534304205514011162
PrefabInstance:
  m_ObjectHideFlags: 0
  serializedVersion: 2
  m_Modification:
    m_TransformParent: {fileID: 7211718187802884083}
    m_Modifications:
    - target: {fileID: -7960387879410044486, guid: 6d0c3ff5673228f45b97eb9fc129f473,
        type: 3}
      propertyPath: m_Sprite
      value: 
      objectReference: {fileID: 21300000, guid: d8fb69eb17c6b584abea80d5ba8d574f,
        type: 3}
    - target: {fileID: 4240628950657619940, guid: 6d0c3ff5673228f45b97eb9fc129f473,
        type: 3}
      propertyPath: m_Name
      value: block (8)
      objectReference: {fileID: 0}
    - target: {fileID: 9004438894258124879, guid: 6d0c3ff5673228f45b97eb9fc129f473,
        type: 3}
      propertyPath: m_RootOrder
      value: 9
      objectReference: {fileID: 0}
    - target: {fileID: 9004438894258124879, guid: 6d0c3ff5673228f45b97eb9fc129f473,
        type: 3}
      propertyPath: m_LocalPosition.x
      value: -2.492
      objectReference: {fileID: 0}
    - target: {fileID: 9004438894258124879, guid: 6d0c3ff5673228f45b97eb9fc129f473,
        type: 3}
      propertyPath: m_LocalPosition.y
      value: -4.507185
      objectReference: {fileID: 0}
    - target: {fileID: 9004438894258124879, guid: 6d0c3ff5673228f45b97eb9fc129f473,
        type: 3}
      propertyPath: m_LocalPosition.z
      value: 0
      objectReference: {fileID: 0}
    - target: {fileID: 9004438894258124879, guid: 6d0c3ff5673228f45b97eb9fc129f473,
        type: 3}
      propertyPath: m_LocalRotation.w
      value: 1
      objectReference: {fileID: 0}
    - target: {fileID: 9004438894258124879, guid: 6d0c3ff5673228f45b97eb9fc129f473,
        type: 3}
      propertyPath: m_LocalRotation.x
      value: -0
      objectReference: {fileID: 0}
    - target: {fileID: 9004438894258124879, guid: 6d0c3ff5673228f45b97eb9fc129f473,
        type: 3}
      propertyPath: m_LocalRotation.y
      value: -0
      objectReference: {fileID: 0}
    - target: {fileID: 9004438894258124879, guid: 6d0c3ff5673228f45b97eb9fc129f473,
        type: 3}
      propertyPath: m_LocalRotation.z
      value: -0
      objectReference: {fileID: 0}
    - target: {fileID: 9004438894258124879, guid: 6d0c3ff5673228f45b97eb9fc129f473,
        type: 3}
      propertyPath: m_LocalEulerAnglesHint.x
      value: 0
      objectReference: {fileID: 0}
    - target: {fileID: 9004438894258124879, guid: 6d0c3ff5673228f45b97eb9fc129f473,
        type: 3}
      propertyPath: m_LocalEulerAnglesHint.y
      value: 0
      objectReference: {fileID: 0}
    - target: {fileID: 9004438894258124879, guid: 6d0c3ff5673228f45b97eb9fc129f473,
        type: 3}
      propertyPath: m_LocalEulerAnglesHint.z
      value: 0
      objectReference: {fileID: 0}
    m_RemovedComponents: []
  m_SourcePrefab: {fileID: 100100000, guid: 6d0c3ff5673228f45b97eb9fc129f473, type: 3}
--- !u!4 &2763154606265961045 stripped
Transform:
  m_CorrespondingSourceObject: {fileID: 9004438894258124879, guid: 6d0c3ff5673228f45b97eb9fc129f473,
    type: 3}
  m_PrefabInstance: {fileID: 6534304205514011162}
  m_PrefabAsset: {fileID: 0}
--- !u!1001 &6995167659886907885
PrefabInstance:
  m_ObjectHideFlags: 0
  serializedVersion: 2
  m_Modification:
    m_TransformParent: {fileID: 7211718187802884083}
    m_Modifications:
    - target: {fileID: -7960387879410044486, guid: 6d0c3ff5673228f45b97eb9fc129f473,
        type: 3}
      propertyPath: m_Sprite
      value: 
      objectReference: {fileID: 21300000, guid: d8fb69eb17c6b584abea80d5ba8d574f,
        type: 3}
    - target: {fileID: 4240628950657619940, guid: 6d0c3ff5673228f45b97eb9fc129f473,
        type: 3}
      propertyPath: m_Name
      value: block (5)
      objectReference: {fileID: 0}
    - target: {fileID: 9004438894258124879, guid: 6d0c3ff5673228f45b97eb9fc129f473,
        type: 3}
      propertyPath: m_RootOrder
      value: 5
      objectReference: {fileID: 0}
    - target: {fileID: 9004438894258124879, guid: 6d0c3ff5673228f45b97eb9fc129f473,
        type: 3}
      propertyPath: m_LocalPosition.x
      value: -2.492
      objectReference: {fileID: 0}
    - target: {fileID: 9004438894258124879, guid: 6d0c3ff5673228f45b97eb9fc129f473,
        type: 3}
      propertyPath: m_LocalPosition.y
      value: -0.50999975
      objectReference: {fileID: 0}
    - target: {fileID: 9004438894258124879, guid: 6d0c3ff5673228f45b97eb9fc129f473,
        type: 3}
      propertyPath: m_LocalPosition.z
      value: 0
      objectReference: {fileID: 0}
    - target: {fileID: 9004438894258124879, guid: 6d0c3ff5673228f45b97eb9fc129f473,
        type: 3}
      propertyPath: m_LocalRotation.w
      value: 1
      objectReference: {fileID: 0}
    - target: {fileID: 9004438894258124879, guid: 6d0c3ff5673228f45b97eb9fc129f473,
        type: 3}
      propertyPath: m_LocalRotation.x
      value: -0
      objectReference: {fileID: 0}
    - target: {fileID: 9004438894258124879, guid: 6d0c3ff5673228f45b97eb9fc129f473,
        type: 3}
      propertyPath: m_LocalRotation.y
      value: -0
      objectReference: {fileID: 0}
    - target: {fileID: 9004438894258124879, guid: 6d0c3ff5673228f45b97eb9fc129f473,
        type: 3}
      propertyPath: m_LocalRotation.z
      value: -0
      objectReference: {fileID: 0}
    - target: {fileID: 9004438894258124879, guid: 6d0c3ff5673228f45b97eb9fc129f473,
        type: 3}
      propertyPath: m_LocalEulerAnglesHint.x
      value: 0
      objectReference: {fileID: 0}
    - target: {fileID: 9004438894258124879, guid: 6d0c3ff5673228f45b97eb9fc129f473,
        type: 3}
      propertyPath: m_LocalEulerAnglesHint.y
      value: 0
      objectReference: {fileID: 0}
    - target: {fileID: 9004438894258124879, guid: 6d0c3ff5673228f45b97eb9fc129f473,
        type: 3}
      propertyPath: m_LocalEulerAnglesHint.z
      value: 0
      objectReference: {fileID: 0}
    m_RemovedComponents: []
  m_SourcePrefab: {fileID: 100100000, guid: 6d0c3ff5673228f45b97eb9fc129f473, type: 3}
--- !u!4 &2154377155506301346 stripped
Transform:
  m_CorrespondingSourceObject: {fileID: 9004438894258124879, guid: 6d0c3ff5673228f45b97eb9fc129f473,
    type: 3}
  m_PrefabInstance: {fileID: 6995167659886907885}
  m_PrefabAsset: {fileID: 0}
--- !u!1001 &7066520035961557242
PrefabInstance:
  m_ObjectHideFlags: 0
  serializedVersion: 2
  m_Modification:
    m_TransformParent: {fileID: 7211718187802884083}
    m_Modifications:
    - target: {fileID: -7960387879410044486, guid: 6d0c3ff5673228f45b97eb9fc129f473,
        type: 3}
      propertyPath: m_Sprite
      value: 
      objectReference: {fileID: 21300000, guid: d8fb69eb17c6b584abea80d5ba8d574f,
        type: 3}
    - target: {fileID: 4240628950657619940, guid: 6d0c3ff5673228f45b97eb9fc129f473,
        type: 3}
      propertyPath: m_Name
      value: block (17)
      objectReference: {fileID: 0}
    - target: {fileID: 9004438894258124879, guid: 6d0c3ff5673228f45b97eb9fc129f473,
        type: 3}
      propertyPath: m_RootOrder
      value: 14
      objectReference: {fileID: 0}
    - target: {fileID: 9004438894258124879, guid: 6d0c3ff5673228f45b97eb9fc129f473,
        type: 3}
      propertyPath: m_LocalPosition.x
      value: 2.4766288
      objectReference: {fileID: 0}
    - target: {fileID: 9004438894258124879, guid: 6d0c3ff5673228f45b97eb9fc129f473,
        type: 3}
      propertyPath: m_LocalPosition.y
      value: -1.5099998
      objectReference: {fileID: 0}
    - target: {fileID: 9004438894258124879, guid: 6d0c3ff5673228f45b97eb9fc129f473,
        type: 3}
      propertyPath: m_LocalPosition.z
      value: 0
      objectReference: {fileID: 0}
    - target: {fileID: 9004438894258124879, guid: 6d0c3ff5673228f45b97eb9fc129f473,
        type: 3}
      propertyPath: m_LocalRotation.w
      value: 1
      objectReference: {fileID: 0}
    - target: {fileID: 9004438894258124879, guid: 6d0c3ff5673228f45b97eb9fc129f473,
        type: 3}
      propertyPath: m_LocalRotation.x
      value: -0
      objectReference: {fileID: 0}
    - target: {fileID: 9004438894258124879, guid: 6d0c3ff5673228f45b97eb9fc129f473,
        type: 3}
      propertyPath: m_LocalRotation.y
      value: -0
      objectReference: {fileID: 0}
    - target: {fileID: 9004438894258124879, guid: 6d0c3ff5673228f45b97eb9fc129f473,
        type: 3}
      propertyPath: m_LocalRotation.z
      value: -0
      objectReference: {fileID: 0}
    - target: {fileID: 9004438894258124879, guid: 6d0c3ff5673228f45b97eb9fc129f473,
        type: 3}
      propertyPath: m_LocalEulerAnglesHint.x
      value: 0
      objectReference: {fileID: 0}
    - target: {fileID: 9004438894258124879, guid: 6d0c3ff5673228f45b97eb9fc129f473,
        type: 3}
      propertyPath: m_LocalEulerAnglesHint.y
      value: 0
      objectReference: {fileID: 0}
    - target: {fileID: 9004438894258124879, guid: 6d0c3ff5673228f45b97eb9fc129f473,
        type: 3}
      propertyPath: m_LocalEulerAnglesHint.z
      value: 0
      objectReference: {fileID: 0}
    m_RemovedComponents: []
  m_SourcePrefab: {fileID: 100100000, guid: 6d0c3ff5673228f45b97eb9fc129f473, type: 3}
--- !u!4 &2226858488168720565 stripped
Transform:
  m_CorrespondingSourceObject: {fileID: 9004438894258124879, guid: 6d0c3ff5673228f45b97eb9fc129f473,
    type: 3}
  m_PrefabInstance: {fileID: 7066520035961557242}
  m_PrefabAsset: {fileID: 0}
--- !u!1001 &8078316977851594483
PrefabInstance:
  m_ObjectHideFlags: 0
  serializedVersion: 2
  m_Modification:
    m_TransformParent: {fileID: 7211718187802884083}
    m_Modifications:
    - target: {fileID: 6255579115128113031, guid: aaa3f53ce755e314b82b44620c6efb50,
        type: 3}
      propertyPath: m_Name
      value: P (6)
      objectReference: {fileID: 0}
    - target: {fileID: 7141653248389777515, guid: aaa3f53ce755e314b82b44620c6efb50,
        type: 3}
      propertyPath: m_RootOrder
      value: 21
      objectReference: {fileID: 0}
    - target: {fileID: 7141653248389777515, guid: aaa3f53ce755e314b82b44620c6efb50,
        type: 3}
      propertyPath: m_LocalPosition.x
      value: -1.6
      objectReference: {fileID: 0}
    - target: {fileID: 7141653248389777515, guid: aaa3f53ce755e314b82b44620c6efb50,
        type: 3}
      propertyPath: m_LocalPosition.y
      value: 4.27
      objectReference: {fileID: 0}
    - target: {fileID: 7141653248389777515, guid: aaa3f53ce755e314b82b44620c6efb50,
        type: 3}
      propertyPath: m_LocalPosition.z
      value: 0
      objectReference: {fileID: 0}
    - target: {fileID: 7141653248389777515, guid: aaa3f53ce755e314b82b44620c6efb50,
        type: 3}
      propertyPath: m_LocalRotation.w
      value: 1
      objectReference: {fileID: 0}
    - target: {fileID: 7141653248389777515, guid: aaa3f53ce755e314b82b44620c6efb50,
        type: 3}
      propertyPath: m_LocalRotation.x
      value: -0
      objectReference: {fileID: 0}
    - target: {fileID: 7141653248389777515, guid: aaa3f53ce755e314b82b44620c6efb50,
        type: 3}
      propertyPath: m_LocalRotation.y
      value: -0
      objectReference: {fileID: 0}
    - target: {fileID: 7141653248389777515, guid: aaa3f53ce755e314b82b44620c6efb50,
        type: 3}
      propertyPath: m_LocalRotation.z
      value: -0
      objectReference: {fileID: 0}
    - target: {fileID: 7141653248389777515, guid: aaa3f53ce755e314b82b44620c6efb50,
        type: 3}
      propertyPath: m_LocalEulerAnglesHint.x
      value: 0
      objectReference: {fileID: 0}
    - target: {fileID: 7141653248389777515, guid: aaa3f53ce755e314b82b44620c6efb50,
        type: 3}
      propertyPath: m_LocalEulerAnglesHint.y
      value: 0
      objectReference: {fileID: 0}
    - target: {fileID: 7141653248389777515, guid: aaa3f53ce755e314b82b44620c6efb50,
        type: 3}
      propertyPath: m_LocalEulerAnglesHint.z
      value: 0
      objectReference: {fileID: 0}
    - target: {fileID: 9030873063864134776, guid: aaa3f53ce755e314b82b44620c6efb50,
        type: 3}
      propertyPath: m_Sprite
      value: 
      objectReference: {fileID: 21300000, guid: d8fb69eb17c6b584abea80d5ba8d574f,
        type: 3}
    m_RemovedComponents: []
  m_SourcePrefab: {fileID: 100100000, guid: aaa3f53ce755e314b82b44620c6efb50, type: 3}
--- !u!4 &1371290797496893080 stripped
Transform:
  m_CorrespondingSourceObject: {fileID: 7141653248389777515, guid: aaa3f53ce755e314b82b44620c6efb50,
    type: 3}
  m_PrefabInstance: {fileID: 8078316977851594483}
  m_PrefabAsset: {fileID: 0}
--- !u!1001 &8490895314309325550
PrefabInstance:
  m_ObjectHideFlags: 0
  serializedVersion: 2
  m_Modification:
    m_TransformParent: {fileID: 7211718187802884083}
    m_Modifications:
    - target: {fileID: 6255579115128113031, guid: aaa3f53ce755e314b82b44620c6efb50,
        type: 3}
      propertyPath: m_Name
      value: P (7)
      objectReference: {fileID: 0}
    - target: {fileID: 7141653248389777515, guid: aaa3f53ce755e314b82b44620c6efb50,
        type: 3}
      propertyPath: m_RootOrder
      value: 22
      objectReference: {fileID: 0}
    - target: {fileID: 7141653248389777515, guid: aaa3f53ce755e314b82b44620c6efb50,
        type: 3}
      propertyPath: m_LocalPosition.x
      value: 0.85
      objectReference: {fileID: 0}
    - target: {fileID: 7141653248389777515, guid: aaa3f53ce755e314b82b44620c6efb50,
        type: 3}
      propertyPath: m_LocalPosition.y
      value: -3.7
      objectReference: {fileID: 0}
    - target: {fileID: 7141653248389777515, guid: aaa3f53ce755e314b82b44620c6efb50,
        type: 3}
      propertyPath: m_LocalPosition.z
      value: 0
      objectReference: {fileID: 0}
    - target: {fileID: 7141653248389777515, guid: aaa3f53ce755e314b82b44620c6efb50,
        type: 3}
      propertyPath: m_LocalRotation.w
      value: 1
      objectReference: {fileID: 0}
    - target: {fileID: 7141653248389777515, guid: aaa3f53ce755e314b82b44620c6efb50,
        type: 3}
      propertyPath: m_LocalRotation.x
      value: -0
      objectReference: {fileID: 0}
    - target: {fileID: 7141653248389777515, guid: aaa3f53ce755e314b82b44620c6efb50,
        type: 3}
      propertyPath: m_LocalRotation.y
      value: -0
      objectReference: {fileID: 0}
    - target: {fileID: 7141653248389777515, guid: aaa3f53ce755e314b82b44620c6efb50,
        type: 3}
      propertyPath: m_LocalRotation.z
      value: -0
      objectReference: {fileID: 0}
    - target: {fileID: 7141653248389777515, guid: aaa3f53ce755e314b82b44620c6efb50,
        type: 3}
      propertyPath: m_LocalEulerAnglesHint.x
      value: 0
      objectReference: {fileID: 0}
    - target: {fileID: 7141653248389777515, guid: aaa3f53ce755e314b82b44620c6efb50,
        type: 3}
      propertyPath: m_LocalEulerAnglesHint.y
      value: 0
      objectReference: {fileID: 0}
    - target: {fileID: 7141653248389777515, guid: aaa3f53ce755e314b82b44620c6efb50,
        type: 3}
      propertyPath: m_LocalEulerAnglesHint.z
      value: 0
      objectReference: {fileID: 0}
    - target: {fileID: 9030873063864134776, guid: aaa3f53ce755e314b82b44620c6efb50,
        type: 3}
      propertyPath: m_Sprite
      value: 
      objectReference: {fileID: 21300000, guid: d8fb69eb17c6b584abea80d5ba8d574f,
        type: 3}
    m_RemovedComponents: []
  m_SourcePrefab: {fileID: 100100000, guid: aaa3f53ce755e314b82b44620c6efb50, type: 3}
--- !u!4 &1641992555881441925 stripped
Transform:
  m_CorrespondingSourceObject: {fileID: 7141653248389777515, guid: aaa3f53ce755e314b82b44620c6efb50,
    type: 3}
  m_PrefabInstance: {fileID: 8490895314309325550}
  m_PrefabAsset: {fileID: 0}
--- !u!1001 &9127435417455764574
PrefabInstance:
  m_ObjectHideFlags: 0
  serializedVersion: 2
  m_Modification:
    m_TransformParent: {fileID: 7211718187802884083}
    m_Modifications:
    - target: {fileID: 6255579115128113031, guid: aaa3f53ce755e314b82b44620c6efb50,
        type: 3}
      propertyPath: m_Name
      value: P (9)
      objectReference: {fileID: 0}
    - target: {fileID: 7141653248389777515, guid: aaa3f53ce755e314b82b44620c6efb50,
        type: 3}
      propertyPath: m_RootOrder
      value: 25
      objectReference: {fileID: 0}
    - target: {fileID: 7141653248389777515, guid: aaa3f53ce755e314b82b44620c6efb50,
        type: 3}
      propertyPath: m_LocalPosition.x
      value: -0.57
      objectReference: {fileID: 0}
    - target: {fileID: 7141653248389777515, guid: aaa3f53ce755e314b82b44620c6efb50,
        type: 3}
      propertyPath: m_LocalPosition.y
      value: -0.64
      objectReference: {fileID: 0}
    - target: {fileID: 7141653248389777515, guid: aaa3f53ce755e314b82b44620c6efb50,
        type: 3}
      propertyPath: m_LocalPosition.z
      value: 0
      objectReference: {fileID: 0}
    - target: {fileID: 7141653248389777515, guid: aaa3f53ce755e314b82b44620c6efb50,
        type: 3}
      propertyPath: m_LocalRotation.w
      value: 1
      objectReference: {fileID: 0}
    - target: {fileID: 7141653248389777515, guid: aaa3f53ce755e314b82b44620c6efb50,
        type: 3}
      propertyPath: m_LocalRotation.x
      value: -0
      objectReference: {fileID: 0}
    - target: {fileID: 7141653248389777515, guid: aaa3f53ce755e314b82b44620c6efb50,
        type: 3}
      propertyPath: m_LocalRotation.y
      value: -0
      objectReference: {fileID: 0}
    - target: {fileID: 7141653248389777515, guid: aaa3f53ce755e314b82b44620c6efb50,
        type: 3}
      propertyPath: m_LocalRotation.z
      value: -0
      objectReference: {fileID: 0}
    - target: {fileID: 7141653248389777515, guid: aaa3f53ce755e314b82b44620c6efb50,
        type: 3}
      propertyPath: m_LocalEulerAnglesHint.x
      value: 0
      objectReference: {fileID: 0}
    - target: {fileID: 7141653248389777515, guid: aaa3f53ce755e314b82b44620c6efb50,
        type: 3}
      propertyPath: m_LocalEulerAnglesHint.y
      value: 0
      objectReference: {fileID: 0}
    - target: {fileID: 7141653248389777515, guid: aaa3f53ce755e314b82b44620c6efb50,
        type: 3}
      propertyPath: m_LocalEulerAnglesHint.z
      value: 0
      objectReference: {fileID: 0}
    - target: {fileID: 9030873063864134776, guid: aaa3f53ce755e314b82b44620c6efb50,
        type: 3}
      propertyPath: m_Sprite
      value: 
      objectReference: {fileID: 21300000, guid: d8fb69eb17c6b584abea80d5ba8d574f,
        type: 3}
    m_RemovedComponents: []
  m_SourcePrefab: {fileID: 100100000, guid: aaa3f53ce755e314b82b44620c6efb50, type: 3}
--- !u!4 &2141204258518510645 stripped
Transform:
  m_CorrespondingSourceObject: {fileID: 7141653248389777515, guid: aaa3f53ce755e314b82b44620c6efb50,
    type: 3}
  m_PrefabInstance: {fileID: 9127435417455764574}
  m_PrefabAsset: {fileID: 0}
